|0000|018|1|01012024|31012024|HARLEI NEANDER KAPTEINAT LTDA|07731241000150||MT|133127524|5102678|||A|0|
|0001|0|
|0002|09|
|0005|TEMPUS - IND. E COM. DE PRODUTOS QUIMICOS|78841078|Avenida AV SANTA MARIA (LOT JD IPANEMA)|1617||VALE DO SOL|6634193285||josiane.tempusquimica@outlook.com|
|0100|JOSIEL DA SILVA ARAUJO|40356850110|MT005383OO5|37494184000101|78840000|RUA BELEM|1338||CAMPO REAL II|6634191722|6634191722|araujocontabilidademt@gmail.com|5102678|
|0150|CLI000000004|POSTO TAPERAO LTDA|01058|03202934000102||130556661|5104807||AV.ANTONIO FERREIRA SOBRINHO, 2120|S/N||CENTRO|
|0150|CLI000000006|IGUACU MAQUINAS AGRICOLAS LTDA|01058|33656729000501||131980777|5102678||AV SENADOR ATILIO FONTANA|4000||CIDADE ALTA|
|0150|CLI000000012|POSTO CAMPO VERDE LTDA|01058|06240490000180||132863987|5102678||AV BRASILIA, 551|S/N||CENTRO|
|0150|CLI000000014|HENIO STRAGLIOTTO|01058||17540747072|132479699|5102678||GRANJA CAMPO VERDE, SN BR 070 KM 371|S/N||ZONA RURAL|
|0150|CLI000000016|PREFEITURA MUNICIPAL DE CAMPO VERDE|01058|24950495000188|||5102678||PRACA DOS TRES PODERES, 3|S/N||CAMPO REAL II|
|0150|CLI000000024|COMERCIO DE COMBUSTIVEL IPANEMA LTDA|01058|06337534000194||132832097|5102678||AV SANTA MARIA, 875|S/N||JD IPANEMA|
|0150|CLI000000029|AROLDO GUIZZO|01058||96945524949|132874130|5103007||FAZENDA TRIUNFO, SN|S/N||ZONA RURAL|
|0150|CLI000000032|AUTO POSTO IDEAL|01058|08819053000140||133388832|5102678||AV. SAO LOURENCO, SN|S/N||SAO LOURENCO|
|0150|CLI000000042|AWA MANUTENCAO DE AREONAVES LTDA ME|01058|06537562000155||132937018|5102678||ROD. 070 KM 378, SN|S/N||AEROPORTO|
|0150|CLI000000056|DESLINTAMENTO CAMPO VERDE EPP|01058|70520499000143||131486802|5102678||AVENIDA NELSON CAMILO FERNANDES, SN|S/N||DISTRITO INDUSTRIAL|
|0150|CLI000000072|DEPOSITO DE MAT DE CONST CAMPO VERDE LTDA|01058|06065605000147||132433664|5102678||AV. SAO PAULO, 359|S/N||CENTRO|
|0150|CLI000000079|PRODUSOL AGRICOLA EXPORTADORA LTDA|01058|10260787000184||133599671|5102678||ROD. BR. 070 KM 372  13 KM A ESQ. FAZ.,|S/N||ZONA RURAL|
|0150|CLI000000080|ALGODOEIRA CERRADO EIRELI|01058|09489083000107||133537765|5102678||BR 070 KM 374, SN|S/N||ZONA RURAL|
|0150|CLI000000083|JOAO ANTONIO HOFFMAM RIGO|01058||37556665020|132905396|5102678||FAZENDA VO CANDINHA, SN BR 070 KM 392|S/N||ZONA RURAL|
|0150|CLI000000086|HENRIQUE PINHEIRO BERTO|01058||47617837020|132253062|5102678||FAZENDA SANTA LAURA, SN ROD MT140 KM20|S/N||132253062|
|0150|CLI000000096|ALGODOEIRA PARAISO LTDA|01058|02637195000100||131828401|5102678||ROD MT 140 KM 32, SN|S/N||ZONA RURAL|
|0150|CLI000000120|AGROFITO CASE LTDA|01058|05480746000325||133755045|5102678||AV SENADORATILIO FONTANA, 2270|S/N||CENTRO|
|0150|CLI000000132|JOHN ALBERTO LEHNEN E OUTRO|01058||34597654100|132361272|5102678||FAZENDA BONANZA I, SN|S/N||ZONA RURAL|
|0150|CLI000000133|JOSE CARLOS DOLPHINE E OUTRO|01058||71535578904|133223574|5102678||FAZENDA PIRASSUNUNGA, SN BR 070 KM 389|S/N||ZONA RURAL|
|0150|CLI000000167|IRINEU STEIN|01058||32901143172|132592290|5102678||FAZ CRISTIANE, SN MT 140 KM 2|S/N||ZONA RURAL|
|0150|CLI000000218|SINOVA INOVACOES AGRICOLAS S.A|01058|04294897000598||133417956|5102678||ROD BR 070, SN KM 384 - SALA 02|S/N||DISTRITO INDUSTRIAL|
|0150|CLI000000237|PEDRO JOSE LEHNEN|01058||15759350072|132580241|5102678||FAZENDA TUCANO, SN|S/N||ZONA RURAL|
|0150|CLI000000289|GUIMARAES AGRICOLA LTDA|01058|01042977000991||133626628|5102678||AV BRASILIA, 661|S/N||VALE DO SOL|
|0150|CLI000000313|CONGREGACAO CRISTA NO BRASIL CAMP0 VERDE|01058|10670003000196|||5102678||RUA DO SULISTA, 404|S/N||JUPIARA|
|0150|CLI000000378|MODELO COMERCIO DE FERRAMENTAS E FERRAGE|01058|04162139000192||131978713|5107040||AV AMAZONAS, 58|S/N||CENTRO|
|0150|CLI000000451|IGREJA EVANGELICA ASSEMBLEIA DE DEUS|01058|10692450000146|||5102678||AV. ULISSES GUIMARAES, 122|S/N||SAO LOURENCO|
|0150|CLI000000473|ADAIR CRISTOVAO DA ROCHA|01058||00215839196|133150291|5102678||FAZENDA PEDRA BRANCA, SN ROD BR 070 KM 3|S/N||ZONA RURAL|
|0150|CLI000000495|ITOR SILVIO CHERUBINI|01058||77509250900|133814076|5103007||FAZENDA MORRO GRANDE, SN ROD MT 140 KM 4|S/N||ZONA RURAL|
|0150|CLI000000543|FABIANO FERRAMENTAS LTDA ME|01058|03037676000148||131864149|5107040||AV MINAS GERAIS, 210|S/N||CENTRO|
|0150|CLI000000581|TELEVISAO REAL LTDA|01058|37433281000186||131507826|5102678||AV PORTO ALEGRE, 539|S/N||CENTRO|
|0150|CLI000000585|GEROMIM ANTONIO GUOLO|01058||00841803900|132154293|5102678||FAZENDA SANTA CATARINA, SN ROD MT 140|S/N||ZONA RURAL|
|0150|CLI000000673|ASSOCIACAO ESPIRITA LAR MARIA DE LURDES|01058|37501038000158|||5102678||AV SANTA TEREZA, 863|S/N||JUPIARA|
|0150|CLI000000723|EDSON LUIZ ZANCHET|01058||47422670100|132700549|5103601||FAZENDA BELO HORIZONTE, SN RODOVIA BR 07|S/N||ZONA RURAL|
|0150|CLI000000724|ALEXANDRE PEDRO SCHENKEL E OUTRO|01058||61631981153|132708388|5102678||FAZENDA SANTA ROSA, SN BR 070 KM 361|S/N||ZONA RURAL|
|0150|CLI000000753|AGRICOLA BETIATO LTDA|01058|07047159000100||133039803|5102678||AV SENADOR ATILIO FONTANA, 2926|S/N||JD CAMPO VERDE|
|0150|CLI000000878|PAULO ANDREIS E CIA LTDA|01058|08455945000100||133541711|5102678||AV. SENADOR ATILLIO FONTANA, 1400|S/N||CENTRO|
|0150|CLI000000879|PULVAER AERO AGRICOLA LTDA|01058|06118411000162|||5102678||BR 070 KM 376, 0|S/N||ZONA RURAL|
|0150|CLI000000881|GIOVANE DE PAULA ROSA E OUTRO|01058||19130171172|132301598|5102678||FAZENDA NOVO HORIZONTE, SN BR 070 KM 386|S/N||ZONA RURAL|
|0150|CLI000000926|COMERCIO DE COMBUSTIVEIS MIRANTE LTDA|01058|10827451000150||133820742|5102678||AREA ROD MT 251, S/N PROXIMO TREVO GARDE|S/N||AREA RURAL DE CAMPO VERDE|
|0150|CLI000001318|BARBIERI E CIA LTDA EPP|01058|13481491000181||134199618|5102678||AV NELSON CAMILO FERNANDES, SN AO LADO A|S/N||DISTRITO INDUSTRIAL|
|0150|CLI000001339|CLAUDOMIRO PEREIRA FILHO E OUTROS|01058||28062833968|132848406|5102678||FAZENDA CAMPO VERDE, SN RODOVIA BR 70 KM|S/N||ZONA RURAL|
|0150|CLI000001414|BRASIL CENTRAL MAQ EQUIP AGRICOLAS LTDA|01058|01113855000604||134628560|5102678||AV SANTA MARIA, 655|S/N||VALE DO SOL|
|0150|CLI000001441|AABB ENGENHARIA E CONSTRUCOES LTDA|01058|06004602000101|||5102678||RUA FORTALEZA, 326|S/N||CENTRO|
|0150|CLI000001460|EDSON DE CAMPOS RIBEIRO E OUTROS|01058||27756386949|133292436|5102678||FAZENDA CHAPADAO, SN ROD MT 240 KM 50|S/N||ZONA RURAL|
|0150|CLI000001461|ANTONIO CARLOS FELITO|01058||28039270987|133119572|5102678||FAZENDA SANTA LUZIA, SN ROD BR 364 KM 31|S/N||ZONA RURAL|
|0150|CLI000001539|OBJETIVA CONTABILIDADE|01058|12304405000100|||5102678||AV. CURITIBA, 734|S/N||CENTRO|
|0150|CLI000001644|JOAO ESTANILAU BORECKI|01058||57712093920|132221276|5102678||FAZENDA RIO DAS MORTES, SN ROD MT 140 KM|S/N||ZONA RURAL|
|0150|CLI000001705|ESCOLA PROGRESSO LTDA|01058|36960953000149|||5102678||AV MATO GROSSO, 750|S/N||CENTRO|
|0150|CLI000001774|COMERCIO DE COMBUSTIVEIS ITALLIAN LTDA|01058|10227415000156||133604845|5102678||AV BRASILIA, 2855|S/N||CAMPO REAL II|
|0150|CLI000001871|LUCIANO DENTI|01058||69246157168|132883090|5102678||RODODVIA MT 140 KM 136, SN|S/N||ZONA RURAL|
|0150|CLI000001922|ORIVALDO REAMI|01058||19036345987|134544188|5102678||FAZENDA NOSSA SENHORA DA GUIA, SN ROD MT|S/N||ZONA RURAL|
|0150|CLI000001935|LANNER E PASQUALOTTO LTDA|01058|04028931000159||131964410|5102678||AV SANTA MARIA, 121|S/N||VALE DO SOL|
|0150|CLI000001950|ESPOLIO ANTONIO LOTHAR HUBNER|01058||24193151972|132370387|5102678||FAZENDA RIO ENGANO, SN BR 70 KM 348|S/N||ZONA RURAL|
|0150|CLI000002083|SICREDI VALE DO CERRADO|01058|32983165000117|||5102678||AV CAMPO GRANDE, SN|S/N||ESTACAO DA LUZ|
|0150|CLI000002110|INTERLIMP SERVICOS TERCERIZADOS LTDA|01058|05042708000129|||5107040||RUA DO COMERCIO, 1679|S/N||PARQUE INDUSTRIAL|
|0150|CLI000002261|OLAVO CIMADOM|01058||50635476991|132863596|5102678||FAZENDA TRES IRMAOS, SN ROD BR 070 KM 34|S/N||ZONA RURAL|
|0150|CLI000002338|TEXTIL AMAZONIA IMPORTACAO E EXPORTACAO LTDA|01058|11666893000125||133846814|5102678||AV MATO GROSSO, 167|S/N||CENTRO|
|0150|CLI000002711|TERRA PREMIUM COMERCIO DE MAQUINAS AGRICOLAS LTDA|01058|21346829000382||135651425|5102678||AV BRASILIA, 2949|S/N||CAMPO REAL II|
|0150|CLI000002788|IGREJA PRESBITERIANA RENOVADA DE CAMPO VERDE|01058|07210905000135|||5102678||AV MARECHAL RONDON, 1238|S/N||CAMPO REAL 2|
|0150|CLI000002812|CCLA DO MEDIO LESTE DE MT|01058|05241619000292|||5102678||AV BRASIL, 668|S/N||CENTRO|
|0150|CLI000002819|ALBERTO LUIS CHIAPINOTTO|01058||51065681020|132508990|5107800||FAZENDA CAETE III, SN ROD BR 364 KM 37|S/N||ZONA RURAL|
|0150|CLI000002851|EDER RODRIGO PEREIRA E OUTROS|01058||89031873187|135508827|5105200||FAZENDA SANTA ELISA, SN ANTIGA ROD BR 36|S/N||ZONA RURAL|
|0150|CLI000002922|AGROINDUSTRIAL PRINCESA LTDA EPP|01058|85489060000172||131798219|5102678||BR 070 KM 377, SN|S/N||ZONA RURAL|
|0150|CLI000002952|S NORTON DE OLIVEIRA E COMPANHIA LTDA|01058|02608993000104||131821830|5102678||AV GOIAS, 296|S/N||CENTRO|
|0150|CLI000002961|ODAIR CIRINEU CHEFER DE BORTOLI|01058||28369300049|132666499|5102678||FAZENDA DE BORTOLI, SN ROD BR 070 KM 348|S/N||ZONA RURAL|
|0150|CLI000003245|VET INOVA SAUDE E NUTRICICAO ANIMAL LTDA|01058|08645895000123||133325792|5102678||AV SANTA MARIA, 1065|S/N||JARDIM IPANEMA|
|0150|CLI000003437|MILTON JUNIOR GARBUGIO|01058||00746522142|133822630|5102678||FAZENDA PINGUIM, SN|S/N||CENTRO|
|0150|CLI000003498|HERCIO CIMADOM E OUTRA|01058||62147528900|134633750|5102678||FAZENDA BEIRA RIO, SN ROD MT 140 KM 37 D|S/N||ZONA RURAL|
|0150|CLI000003634|BOM FUTURO AGRICOLA LTDA|01058|10425282003490||136069932|5102678||FAZENDA FILADELFIA, SN ROD BR 070 KM 384|S/N||ZONA RURAL|
|0150|CLI000003647|AGRICOLA ROQUE LTDA|01058|12061273000125||133912574|5102678||AV NELSON CAMILO FERNANDES, 1435|S/N||DISTRITO INDUSTRIAL|
|0150|CLI000003696|NOVA CONCORDIA MAT P CONSTRUCAO LTDA|01058|16492536000101||134616464|5102678||RUA MACEIO, 658|S/N||CENTRO|
|0150|CLI000003705|COOP DOS COTONICULTORES DE CAMPO VERDE|01058|04476442000160||132028263|5102678||AV BRASILIA, 3291|S/N||CAMPO REAL II|
|0150|CLI000003748|DTI SEMENTES SA|01058|22755760000141||135902126|5102678||ROD BR 070 KM 372, SN|S/N||ZONA RURAL|
|0150|CLI000003755|VALCIR GAIATTO|01058||37519379000|132333880|5102678||FAZENDA SANTO ANGELO, SN BR 070 KM 80|S/N||ZONA RURAL|
|0150|CLI000003842|FABIO LUCIANO ABATI|01058||01128382199|134702166|5102678||BR 070 KM 386, S/N|S/N||ZONA RURAL|
|0150|CLI000004008|MARCELO RISTAU GARBUGIO|01058||00408796901|132557835|5102678||FAZENDA PARANA, SN ROD BR 070 KM 348|S/N||ZONA RURAL|
|0150|CLI000004058|NEOVIA INFRAINTRUTURA RODOVIARIA LTDA|01058|02955426000639|||5103403||AVENIDA MIGUEL SUTIL, 8388 QUARO ANDAR|S/N||SANTA ROSA|
|0150|CLI000004093|CAMARA DE DIRIGENTES LOJISTAS DE CAMPO VERDE|01058|06948398000179|||5102678||RUA CAMPO GRANDE, 390|S/N||JARDIM CIDADE VERDE|
|0150|CLI000004187|PLANTIVO INDUSTRIA E COMERCIO DE FERTILIZANTES|01058|16727744000142||134768760|5102678||ROD BR 070 KM 382, SN|S/N||DISTRITO INDUSTRIAL|
|0150|CLI000004314|LUIZ CARLOS SCHNEIDER|01058||24368431049|132693968|5104807||FAZENDA SAO LUIZ, SN ROD BR 364 KM 306|S/N||ZONA RURAL|
|0150|CLI000004350|JOSE NEY LAZARINI|01058||59267119915|133338754|5102678||ROD MT 140 KM 12,5  7 A ESQUERDA, SN|S/N||ZONA RURAL|
|0150|CLI000004354|ALGEMIR TONELLO E OUTRO|01058||58414045804|132333708|5102678||BR 070 KM 415, SN|S/N||ZONA RURAL|
|0150|CLI000004407|N L BRESSAN HATAKEYAMA E CIA LTDA EPP|01058|33667510000842||136272380|5102678||AV BRASIL, 724|S/N||CENTRO|
|0150|CLI000004440|COMUNIDADE CRISTA DE CAMPO VERDE|01058|02769771000173|||5102678||RUA SAO SALVADOR, 912|S/N||CAMPO REAL III|
|0150|CLI000004461|BRASIL CENTRAL MAQ EQUIP AGRICOLAS LTDA|01058|01113855000272||131679937|5107040||RUA RIO DE JANEIRO, 3469|S/N||PRIMAVERA IV|
|0150|CLI000004482|JORGE PICCININ E OUTRO|01058||29084075072|132559455|5102678||ROD BR 07O KM 361  6 KM A DIREITA, 1369|S/N||ZONA RURAL|
|0150|CLI000004502|LORYS HOTEL LTDA EPP|01058|14600511000159|||5102678||AV BRASIL, 1033|S/N||ESTACAO DA LUZ|
|0150|CLI000004506|ANTONIO TRENTO KIHARA SCHEFFER E OUTROS|01058||02076338195|133192814|5103007||FAZENDA NOVA CHAPADA, SN|S/N||ZONA RURAL|
|0150|CLI000004667|FORTTER AGRO LTDA|01058|13969044000176||136236588|5107602||AV GOVERNADOR JULIO JOSE DE CAMPOS, 1839|S/N||SETOR RESIDENCIAL GRAN VILLE I|
|0150|CLI000004676|CEARPA CAMPO VERDE|01058|05638932000188||132906406|5102678||ROD BR 070 KM 370, SN|S/N||ZONA RURAL|
|0150|CLI000004719|ALCINDO LUIZ LIBRELOTO|01058||39611531168|132673037|5102678||FAZENDA LIBRELOTO, SN|S/N||ZONA RURAL|
|0150|CLI000004785|ATIVA MATERIAIS ELETRICOS LTDA EPP|01058|06110817000107||132644932|5102678||AV SANTA MARIA, 833|S/N||VALE DO SOL|
|0150|CLI000004841|KLEVERSON SCHEFFER|01058||94178020110|132179806|5103007||FAZENDA BURITI, SN ROD CHAPADA BRASILAND|S/N||ZONA RURAL|
|0150|CLI000004880|FERNANDO CIMADON|01058||53596463149|133676935|5102678||ROD BR 070 KM 348  34 ESQUERDA, SN|S/N||ZONA RURAL|
|0150|CLI000005267|BRASIL CENTRAL MAQ EQUIP AGRICOLAS LTDA|01058|01113855000434||133939472|5107925||AV.IDEMAR RIEDI, 10112|S/N||SETO INDUSTRIAL|
|0150|CLI000005277|ESTRELAO COM DE GAS EIRELI|01058|26574916000149||136589294|5102678||AV CURITIBA, 624|S/N||CENTRO|
|0150|CLI000005507|APARECIDA VOINE DE SOUZA NERI ME|01058|14535420000187|||5102678||AV SAO JOAO BATISTA, 314|S/N||JARDIM CAMPO VERDE|
|0150|CLI000005752|IGREJA EVANGELICA ASSEMBLEIA DE DEUS|01058|03845179000176|||5104807||RUA JURUCE, 1351|S/N||CENTRO|
|0150|CLI000005764|JONES EUGENIO SCHABBACH E OUTRO|01058||37301624034|136933467|5107701||FAZENDA TOBIANO, SN ROD BR MT, KM 020|S/N||ZONA RURAL|
|0150|CLI000005817|UILSIMAR DAGNONI GASPARELLI E FILHAS|01058||85616206920|136964745|5102678||FAZENDA MARAJOARA, SN ROD BR 070 KM 510|S/N||ZONA RURAL|
|0150|CLI000006016|ANTONIO TRENTO KIHARA SCHEFFER E OUTROS|01058||02076338195|135809797|5107701||FAZENDA SANTA ROSA, S/N ESTRADA NASCENTE|S/N||ZONA RURAL|
|0150|CLI000006167|POLAR LIMPEZA E CONSERVACAO LTDA|01058|09645988000110|||5208707||AV.ANHANGUERA, 5386|S/N||CENTRO|
|0150|CLI000006183|CHECKIN CONVENIENCIA E PADARIA LTDA|01058|21309898000154||135637732|5102678||AV SENADOR ATILIO FONTANA, 1400|S/N||CENTRO|
|0150|CLI000006230|OESTEMIX CONCRETO LTDA|01058|00871663000181||131650009|5102678||RUA A QDA 3 LT5A, 130|S/N||DISTRITO INDUSTRIAL|
|0150|CLI000006352|RODRIGO JOSE THOME E CIA LTDA EPP|01058|18303652000160||134997107|5104807||AV ANTONIO FERREIRA SOBRINHO, 1240|S/N||CENTRO|
|0150|CLI000006357|JOAO SERGIO DE SA|01058||95930477949|133876896|5103601||FAZENDA ELISA, SN ROD 070 KM 348|S/N||ZONA RURAL|
|0150|CLI000006387|AGROPECUARIA SANTO ALUISIO LTDA|01058|02285391000163|||5102678||ROD MT 244 KM 30, SN|S/N||ZONA RURAL|
|0150|CLI000006389|IRINEU DE PAULA FERREIRA NETO|01058||92995799115|134478835|5102678||ESTANCIA SANTA LAURA, S/N|S/N||ZONA RURAL|
|0150|CLI000006571|SINDICATO RURAL DE JACIARA|01058|03642535000154|||5104807||RUA JURUCE, 1201|S/N||CENTRO|
|0150|CLI000006600|COMERCIO DE COMBUSTIVEL CAVALCANTE LTDA|01058|04371504000179||132035286|5104807||BR 364 KM309/310, SN|S/N||ZONA RURAL|
|0150|CLI000006760|GEORGIA CRISTINA SCHABBACH LEHNEN LTDA|01058|15242285000144||134528514|5102678||RUA TEREZINA, 783|S/N||CENTRO|
|0150|CLI000006775|ASSIST LABORATORIOS AGRONOMICOS LTDA|01058|30209650000102||137193998|5102678||RUA ARSELINO MANOEL DE ASSIS, 20 SALA 2|S/N||DISTRITO INDUSTRIAL II|
|0150|CLI000006896|VISLEI DIORGINIS SERON E OUTRO|01058||01844320901|137193580|5103601||FAZENDA ESTANCIA BONITA, SN|S/N||ZONA RURAL|
|0150|CLI000006935|CONGREGACAO CRISTA NO BRASIL|01058|03077278000155|||5104807||RUA CAICARA, 801|S/N||CENTRO|
|0150|CLI000006943|GIOVANI AUGUSTO DE SOUZA ME|01058|28990136000105||137047355|5102678||AV BRASILIA, 2199|S/N||CENTRO|
|0150|CLI000006969|WC ADM DE SERVICOS E PRODUTOS DE LIMPEZA LTDA|01058|20168706000174||137259751|5107040||AV AMAZONAS, 314|S/N||CENTRO|
|0150|CLI000007007|GLADIR TOMAZELLI|01058||41132823072|133677907|5102678||FAZENDA JATOBA, SN ROD MT 140 KM 48|S/N||ZONA RURAL|
|0150|CLI000007012|INCOFIBRAS INDUSTRIA E COMERCIO DE ALGODAO LTDA|01058|26199969000127||136505406|5102678||ROD BR 070 KM 371, SN|S/N||ZONA RURAL|
|0150|CLI000007044|MILTON GARBUGIO E OUTRO|01058||49350617900|133235750|5102678||ROD BR 070 368  55 KM A ESQUERDA, S/N F|S/N||ZONA RURAL|
|0150|CLI000007098|TERCEIRIZE PRESTADORA DE SERVICOS LTDA|01058|29961985000101|||5107040||RUA FREDERICO WESTPHALEN, 457 AO LADO HO|S/N||CENTRO|
|0150|CLI000007279|COOPERPLUMA COOPERATIVA DE BENEFICIAMENTO DE ALGOD|01058|22773366000217||136842577|5102678||BR 070 KM 352, SN UBA 2|S/N||DISTRITO INDUSTRIAL|
|0150|CLI000007286|UNIAO CENTER CAR COMERCIO LTDA|01058|10173808000124||133583120|5102678||AV SENADOR ATILIO FONTANA, 3390|S/N||JARDIM CAMPO VERDE II|
|0150|CLI000007462|ASS CONDOMINIO DAS PALMEIRAS|01058|25382662000102|||5102678||RUA TUPI, 436|S/N||VALE DO SOL|
|0150|CLI000007471|DIOMAR VIANEY PEREIRA|01058||17688396972|134028481|5102678||FAZENDA SANTA RITA DE CASSIA I, SN|S/N||ZONA RURAL|
|0150|CLI000007563|IGREJA PRESBITERIANA DE JACIARA|01058|03773124000106|||5104807||AV.PIRACICABA, 432|S/N||CENTRO|
|0150|CLI000007585|JOAO PAULO FERREIRA CICILIATO|01058||05226378173|137928319|5103007||RODOVIA MT 140 KM 70, SEM RURAL|S/N||RURAL|
|0150|CLI000007819|FENIX COMERCIO DE ALIMENTOS LTDA|01058|01835680000126||131747029|5104807||AVENIDA ANTONIO FERREIRA SOBRINHO, 98|S/N||CENTRO|
|0150|CLI000007896|JOSE JORGE CIMADON E OUTROS|01058||31832075168|132631148|5102678||BR 070 KM 364 A ESQUERDA 34 KM SENTIDO,|S/N||ZONA RURAL|
|0150|CLI000007950|COOP DE CREDITO POUPANCA E INVEST VALE DO CERRADO|01058|32983165000702|||5102678||AV BRASIL, 189|S/N||CENTRO|
|0150|CLI000008145|ELAINE CARLA PAVEI CAMPOS|01058||03397496101||5102678||RUA RECIFE, 437|S/N||CENTRO|
|0150|CLI000008151|TCHARLLE HUMBERTO DO NASCIMENTO|01058||04358227139||5102678||RUA JACIARA, 130 VET INOVA|S/N||BELVEDERE|
|0150|CLI000008162|AGRICOLA ALVORADA SA|01058|04854422001238||136435947|5102678||ROD BR 70 KM 373, SN|S/N||ZONA RURAL|
|0150|CLI000008168|AUTO ELETRICA SAO PAULO LTDA ME|01058|20122860000105||135395402|5102678||AV GOIAS, 26|S/N||CENTRO|
|0150|CLI000008220|CLINICA VETERINARIA CASTAGNO DOS SANTOS|01058|31050471000138||137317441|5102678||AV MANOEL GENILDO DE ARAUJO, 272|S/N||CAMPO REAL II|
|0150|CLI000008223|LUIZ CARLOS GASSMANN LTDA|01058|29304285000136||137083254|5102678||AV EUGENIO PRATI, 117|S/N||GREEN VILLE I|
|0150|CLI000008435|AGROPECUARIA PEDRA PRETA LTDA|01058|22688951000308||137316690|5102678||ROD MT 140 KM 45, SN|S/N||ZONA RUAL|
|0150|CLI000008562|CLAUDIO AUTO PECAS LTDA|01058|01624149001003||137546068|5102678||AV SENADOR ATILIO FONTANA, 2284|S/N||LOTEAMNETO INDUSTRIAL|
|0150|CLI000008669|ASSOCIACAO DOS PROPRIETARIOS E MORADORES|01058|24864684000138|||5102678||AV 1 ESQ RUA 8, 1129|S/N||BURITIS|
|0150|CLI000008699|BOM FUTURO AGRICOLA LTDA|01058|10425282006830||137211937|5102678||FAZENDA SAN DIEGO, SN ROD BR 070 KM 363|S/N||ZONA RURAL|
|0150|CLI000008719|LANCHONETE RESTAURANTE PENSAO SECA LTDA ME|01058|24696791000102||130556262|5104807||ROD.BR 364, S/N KM 300|S/N||PENSAO SECA|
|0150|CLI000008735|MATERIAIS DE CONSTRUCAO NOVO LAR EIRELI|01058|26728009000107||136651801|5102678||RUA RIO GRANDE DO SUL, SN QUADRA 19 LOTE|S/N||SAO LOURENCO|
|0150|CLI000008789|HENIO STRAGLIOTTO|01058||17540747072|137467680|5103007||FAZENDA MARIALVA, SN ROD MT 140 KM 60|S/N||ZONA RURAL|
|0150|CLI000008812|ASSOC DOS MORADORES DO COND RES DAS ARAUCARIAS|01058|28027578000150|||5102678||RUA TUPI, 616|S/N||VALE DO SOL|
|0150|CLI000009013|LAERCIO DE ANDRADE JUNIOR|01058||53499662949|137148615|5102678||CHACARA LAND I, SN ROD MT 140 KM 3|S/N||ZONA RURAL|
|0150|CLI000009155|ASSIST LABORATORIOS DE SOLOS LTDA|01058|35512260000120||137925980|5102678||RUA ARCELINO MANOEL DE ASSIS, SN|S/N||DISTRITO INDUSTRIAL II|
|0150|CLI000009176|MONTE ALEGRE FAZENDAS LTDA|01058|03961253000110||134313500|5103908||ROD BR 070 KM 175 MAIS 20 KM A DIREITA,|S/N||ZONA RURAL|
|0150|CLI000009241|COOP DOS COTONICULTORES DE CAMPO VERDE|01058|04476442000402||133349403|5102678||RUA FRANCISCO GARDEZ, S/N BARRACAO DEPOS|S/N||DISTRITO INDUSTRIAL|
|0150|CLI000009323|LAND GENETICA E SEMENTES LTDA|01058|10467481000101||133637484|5102678||ROD BR 070 KM 375, SN|S/N||ZONA RURAL|
|0150|CLI000009354|ANTONIO SOUTES|01058||47657383968|137219849|5102678||ROD BR 070, SN KM 386  20 KM A DIREITA|S/N||ZONA RURAL|
|0150|CLI000009568|INTEGRA DESENVOLVIMENTO INFANTIL|01058|35448868000133|||5102678||AV SAO JOAO BATISTA, 2000 SALA B|S/N||JARDIM CAMPO VERDE|
|0150|CLI000009593|BOM FUTURA AGRICOLA LTDA|01058|10425282004462||136072836|5106455||FAZENDA NOVA FARTURA, SN EST VICINAL DO|S/N||ZONA RURAL|
|0150|CLI000009595|JOAO LOPES GUERREIRO|01058||11997583968|132174618|5102678||FAZENDA PONTE ALTA, SN|S/N||ZONA RURAL|
|0150|CLI000009667|ANSELMO JOSE CHIAPINOTTO|01058||46100580063|132508982|5104807||FAZENDA CAETE II, S/N|S/N||ZONA RURAL|
|0150|CLI000009735|GUILHERME MANTOVANI AUGUSTO|01058|14803807000177|||5102678||AV MATO GROSSO, SN|S/N||BELVEDERE|
|0150|CLI000009810|AGROFIBRA COOPERATIVA AGROINDUSTRIAL DE CAMPO VERD|01058|32367504000130||137503326|5102678||ROD BR 070 KM 374, SN|S/N||CENTRO|
|0150|CLI000009846|PAROQUIA SAO FRANCISCO DE ASSIS|01058|03843307001114|||5104807||AV ANTONIO FERREIRA SOBRINHO, 1207|S/N||CENTRO|
|0150|CLI000009880|JADER AURELIO BERGAMASCO|01058||66200989915|132851750|5102678||BR 070 KM 372, SN FAZENDA SAO JOAO BATIS|S/N||ZONA RURAL|
|0150|CLI000009887|JACIARA DEPOSITO-EB COMERCIO|01058|14939270000177||134440323|5104807||ROD. BR 364 KM 270, S/N DISTRITUTO INDUS|S/N||KM270|
|0150|CLI000009961|ASSIST CONSULTORIA E EXPERIMENTACAO AGRONOMICA LTD|01058|15335050000105||137985592|5102678||R ARCELINO MANOEL DE ASSIS, SN|S/N||DISTRITO INDUSTRIAL II|
|0150|CLI000010002|TUDO CENTER CAR EIRELI|01058|36521034000179||138057621|5102678||AV AIRTON SENNA, 277|S/N||JARDIM CAMPO VERDE|
|0150|CLI000010017|GUENO E CIA LTDA EPP|01058|08057906000154||136097812|5102678||RUA FORTALEZA, 28|S/N||CENTRO|
|0150|CLI000010444|EB COMERCIO DE ELETRODOMESTICOS LTDA|01058|14939270008151||137795904|5104807||AV.ANTONIO FERREIRA SOBRINHO, 1162|S/N||CENTRO|
|0150|CLI000010538|MILTON GARBUGIO|01058||49350617900|133676919|5102678||FAZENDA PARANA II, SN BR 070 KM 348|S/N||ZONA RURAL|
|0150|CLI000010564|BOM FUTURO AGRICOLA LTDA|01058|10425282000394||136213006|5102678||BOM FUTURO SEMENTES, SN ROD MT 251 KM 20|S/N||ZONA RURAL|
|0150|CLI000010703|JEFFERSON KALAF SERON|01058||01732973903|133548988|5104807||FAZENDA MARIAL, SN ROD MT 140|S/N||ZONA RURAL|
|0150|CLI000010913|KAYSER E COSTA LTDA|01058|27909728000197||136877338|5102678||AV GOIAS, 1306|S/N||ESTACAO DA LUZ|
|0150|CLI000011157|LUIS OTAVIO MATIAS|01058||08850853882|133120856|5106208||FAZENDA SAO LIZ, SN RODOVIA MT 140|S/N||ZONA RURAL|
|0150|CLI000011321|EB COMERCIO DE ELETRODOMESTICOS EIRELI|01058|14939270000339||134440340|5104807||AV ANTONIO FERREIRA SOBRINHO, 1295|S/N||CENTRO|
|0150|CLI000011393|PAULO PASQUAL LEONARDELLI|01058||82452440906|133351521|5103007||CHACARA SANTA MADALENA, SN MT 140 KM 13|S/N||ZONA RURAL|
|0150|CLI000011525|ZYS PAPELARIA LTDA|01058|32992224000113||130712957|5102678||RUA TEREZINA, 739|S/N||CENTRO|
|0150|CLI000011527|DMG SERRALHEIRIA E VIDRACARIA|01058|04307102000105||131996185|5102678||AV SAO LOURENCO, 163|S/N||SAO LOURENCO|
|0150|CLI000011707|LAVANDERIA CERRADO LTDA|01058|36491946000145|||5102678||AV SENADOR ATILIO FONTANA, 3050|S/N||JARDIM CAMPO VERDE II|
|0150|CLI000011932|MASSON ODONTOLOGIA EIRELLI|01058|35127239000101|||5104807||RUA GUAICURUS, 1210|S/N||CENTRO|
|0150|CLI000011952|COOP COOPERGRAOS ARMAZENAGEM GRAOS DE CAMPO VERDE|01058|39341699000199||138368945|5102678||ROD BR 070 KM 369, SN|S/N||ZONA RURAL|
|0150|CLI000011958|LANCHONETE E CONVENIENCIA PANAMA LTDA|01058|12876174000100||134067231|5102678||AV BRASILIA, 2855|S/N||CAMPO REAL II|
|0150|CLI000012044|FRIGORIFICO RIO BONITO S/A|01058|37676273000160||138226660|5104807||EST PRINCIPAL, SN CHACARA SAO LOURENCOBR|S/N||ZONA RURAL|
|0150|CLI000012061|INDUSTRIA DE ALIMENTOS MINERIM LTDA|01058|04639180000107||132046849|5104807||AV. ZE DE BIA, 884|S/N||JD AEROPORTO 2|
|0150|CLI000012070|CARINE O DE MATTOS|01058|34852634000194||137835531|5102678||AV RONDONOPOLIS, SN QUADRA 18 LOTE 19|S/N||BELVEDERE|
|0150|CLI000012080|LIMP SERVICE PRESTADORA DE SERVICOS LTDA|01058|36726410000161|||5102678||RUA TRES IRMAOS, 28|S/N||JUPIARA|
|0150|CLI000012157|COOP CREDITO DE LIVRE ADMISSAO DO MEDIO LESTE MT|01058|05241619000373|||5104807||AV PIRACICABA, 685|S/N||CENTRO|
|0150|CLI000012338|POSTO BELVEDERE EIRELI|01058|16702007000195||134623231|5102678||RUA RONDONOPOLIS, LOTE 30, Q 08, SN|S/N||BELVEDERE|
|0150|CLI000012447|PIRES CARNES DE QUALIDADE LTDA|01058|40642843000106||138548773|5102678||AV TOLEDO, 289|S/N||JARDIM CAMPO VERDE 2|
|0150|CLI000012546|M L DA SILVA EMPILHADEIRAS LTDA|01058|40977750000132||138597910|5102678||AV. VEREADOR CESAR LIMA, 1353|S/N||SAO MIGUEL|
|0150|CLI000012635|JOSE ARLAN NUNES DE LIMA|01058||56222793134|138361509|5104807||FAZENDA TRES LAGOAS KM 25, SN ESTRADA CA|S/N||ZONA RURAL|
|0150|CLI000012674|POSTO BOM FIM LTDA|01058|04562749000345||137809620|5102678||AV BRASIL, 740|S/N||CENTRO|
|0150|CLI000012787|MINISTERIO O PESCADOR SAL DA TERRA|01058|02604820000118|||5107602||AV. CASSIMIRO DE ABREU, 1046|S/N||PARQUE RESIDENCIAL BURITI|
|0150|CLI000012804|CONSTRUTORA CELEIRO LTDA|01058|01996698000100|||5104807||RUA JURUCE|2712||VILA PLANALTO|
|0150|CLI000012952|LOUIS DREYFUS COMPANY BRASIL SA|01058|47067525010766||130173630|5107040||ROD BR 070, 4437|S/N||DISTRITO INDUSTRIAL|
|0150|CLI000013043|DANIEL SCHINOCA|01058||01510124152|133653307|5105200||ESTRADA JUSCIMEIRA A POXOREO KM08ESQ.4K|S/N||ZONA RURAL|
|0150|CLI000013236|CARLOS GONCALVES MUNIZ E OUTROS|01058||41248678915|137746784|5102678||BR 070 KM 362, SN|S/N||ZONA RURAL|
|0150|CLI000013296|AGRICONNECTION IMP E EXP DE INSUMOS AGRICOLAS LTDA|01058|39496730000160||138391165|5102678||AV MANOEL GENILDO DE ARAUJO, 188 SALA II|S/N||CAMPO REAL|
|0150|CLI000013462|DAKASA UTILIDADES E DECORACAO EIRELI|01058|07295750000187||132989743|5102678||AV BRASIL, 1004|S/N||ESTACAO DA LUZ|
|0150|CLI000013564|CLINICA ODONTOLOGICA PREV DENT LTDA|01058|19813524000120|||5104807||R POTIGUARAS, 892|S/N||CENTRO|
|0150|CLI000013681|HOSPITAL MATERNIDADE SANTA LUCIA|01058|14959522000120|||5104807||RUA CAICARA, 2509|S/N||VILA PLANALTO|
|0150|CLI000013724|FRATELLO ENGENHARIA LTDA|01058|22451088000109|||5103403||RUA N, QD 07 LOTE: 9 A 12|S/N||DISTRITO INDUSTRIAL|
|0150|CLI000013769|MONTANA RETIFICA DE MOTORES LTDA|01058|05629781000100||132185881|5102678||RUA URUGUAIANA, SN ESQ AV MATO GROSSO|S/N||VALE DO SOL|
|0150|CLI000013884|RONALD HUND LUCAS|01058|12133056000284|||5102678||RUA SAO SALVADOR, SN|S/N||CENTRO|
|0150|CLI000013923|RENAN DE MOURA KAPTEINAT ME|01058|43258593000101||138931518|5104807||AV ANTONIO FERREIRA SOBRINHO, 1821|S/N||CENTRO|
|0150|CLI000014175|JEAN ATILIO KALAF SERON E OUTRO|01058||02200176970|134701224|5107800||FAZENDA MARIALVA, SN RODOVIA MT 140|S/N||ZONA RURAL|
|0150|CLI000014379|FLAVIO LUIS PEZZINI|01058||40765504049|132254190|5103007||ESTRADA USINA DO RIO DA CASCA KM 24, SN|S/N||RURAL|
|0150|CLI000014455|MATERIAIS DE CONSTRUCAO NOVO LAR LTDA|01058|26728009000379||138829365|5102678||AV EUGENIO PRATI, 01|S/N||GREEN VILLE|
|0150|CLI000014532|ALBERTO KAPUSTA E OUTROS|01058||88992209053|138648824|5107065||SITIO SANTO ANTONIO, SN ASSENTAMENTO P A|S/N||ZONA RURAL|
|0150|CLI000014719|J B ALVES EIRELI|01058|42895188000123||138879591|5102678||AV SANTA MARIA, 1531|S/N||VALE DO SOL|
|0150|CLI000014835|OTAVIO ECKERT|01058||01445332949||5102678||RUA FORTALEZA, 833|S/N||CENTRO|
|0150|CLI000015048|COOP MISTA DE DESENVOLVIMENTO DO AGRONEGOCIO|01058|11407499000415||136520693|5102678||ROD BR 070 KM 386, SN|S/N||ZONA RURAL|
|0150|CLI000015174|ESPACOLASER DEPILACAO|01058|43093512000152|||5102678||AV ARNALDO ECKERT, 478 SALA 02|S/N||CAMPO REAL II|
|0150|CLI000015202|ACADEMIA FITNESS SOCIETY LTDA|01058|40824574000107|||5102678||RUA MARECHAL CANDIDO RONDON, 611|S/N||CAMPO REAL II|
|0150|CLI000015206|GERSHON GENTILIN E OUTRO|01058||51330440978|132612232|5102678||FAZENDA MORADA DO SOL, SN BR 070 KM 382|S/N||ZONA RURAL|
|0150|CLI000015223|JAIR KREIBICH|01058||91371066949|137844590|5102678||RODOVIA BR 070 KM 392  7 A ESQUERDA, SE|S/N||RURAL|
|0150|CLI000015224|ALBERI MAY E FILHOS|01058||25119354904|139162739|5102678||RODOVIA MT 244 KM 75, SEM|S/N||ZONA RURAL|
|0150|CLI000015235|INSECTA BIO INDUSTRIA E COMERCIO LTDA|01058|43078143000129||138946868|5102678||RUA ARCELINO MANOEL DE ASSIS, 32 SALA 02|S/N||DISTRITO INDUSTRIAL II|
|0150|CLI000015240|CASA DAS TINTAS CAMPO VERDE LTDA|01058|32744424000157||137548567|5102678||AV. SENADOR ATILIO FONTANA, 527 SALA 05|S/N||CENTRO|
|0150|CLI000015241|ROBERTO MACHADO BORTONCELLO E OUTROS|01058||45909369172|133256375|5102678||ROD MT 140 KM 40, SN|S/N||ZONA RURAL|
|0150|CLI000015247|MARIA DA GLORIA P.DOS SANTOS|01058||18139957100|136106757|5104807||SITIO BELA VISTA, S/N RODOVIA BR 364,KM1|S/N||ZONA RURAL|
|0150|CLI000015248|INSTITUTO MATOGROSSENSE DO ALGODAO|01058|08706600000343|||5102678||ROD BR 070, KM 360, SN|S/N||ZONA RURAL|
|0150|CLI000015266|PREFEITURA MUNICIPAL DE PRIMAVERA DO LESTE|01058|01974088000105|||5107040||RUA MARINGA, 444|S/N||CENTRO|
|0150|CLI000015277|CRISTIANO BOTAN E OUTROS|01058||78206715134|132608030|5102678||RODOVIA MT 140, KM 4212 KM A DIREITA, S|S/N||ZONA RURAL|
|0150|CLI000015290|SERV FESTAS COMERCIO LTDA|01058|00569369000110||131616579|5102678||AV GOIAIS, 236|S/N||CENTRO|
|0150|CLI000015292|PREFEITURA MUNICIPAL DE CAMPO NOVO DO PARECIS|01058|24772287000136|||5102637||AVENIDA MATO GROSSO, 66|S/N||CENTRO|
|0150|CLI000015295|NASCIMENTO E CINTO LTDA|01058|35810850000130||137960638|5102678||ROD MT 344, SN SITIO JB|S/N||ZONA RURAL|
|0150|CLI000015298|JEAN PAULO HOLZ E OUTRO|01058||02942158913|138339910|5107701||ROD MT 140, SN|S/N||ZONA RURAL|
|0150|CLI000015317|EUCLIDES GAZIERO|01058||40880028904|137785968|5102678||AV. CUIABA, 312|S/N||CENTRO|
|0150|CLI000015318|GERALDA LIMA SANTANNA|01058||01528144856||5102678||AV PORTO ALEGRE, 567|S/N||CAMPO REAL I|
|0150|CLI000015320|MOTO CAMPO LTDA|01058|03944014000313||133239527|5104807||AV. PAJE, 1313|S/N||CENTRO|
|0150|CLI000015333|LAVANDERIA JOTA CLEAN LTDA|01058|46947967000186|||5107040||RUA BENJAMIN CERUTTI, 224 SALA 01|S/N||PARQUE CASTELANDIA|
|0150|CLI000015345|SOCIEDADE DE SERVICOS EDUCACIONAIS DE JACIARA LTDA|01058|47400703000170|||5104807||AV ANTONIO FERREIRA SOBRINHO, 1921|S/N||CENTRO|
|0150|CLI000015357|NEYVITON FELIX LOPES SILVA LTDA|01058|31855361000143||137423292|5104807||RUA JURUCE, 1180|S/N||CENTRO|
|0150|CLI000015367|V.V. COMERCIO DE CEREAIS E DERIVADOS LTDA|01058|11850892000136||133877701|5102678||BR 070, KM 386, S/N|S/N||DISTRITO INDUSTRIAL|
|0150|CLI000015371|BRAGAS COMERCIO DE COMBUSTIVEIS LTDA|01058|35648176000724||139330097|5102678||AV. BRASILIA, 1619|S/N||CENTRO|
|0150|CLI000015382|LUIZ AGUIAR ULLMANN CRUZ|01058||03803634105||5102678||AV BRASIL, SN|S/N||JUPIARA|
|0150|CLI000015385|J A AGRICOLA LTDA|01058|41726797000196||157592146|1506138||AV ARAGUAIA, 2207A|S/N||SETOR NOVO HORIZONTE|
|0150|CLI000015386|CELIA SOUZA DA SILVA EIRELI|01058|18778249000198||138281700|5104807||ROD BR 364 KM 280,5, S/N|S/N||ZONA RURAL|
|0150|CLI000015401|MT TRUCK LOCACOES LTDA|01058|48113463000196||139634827|5102678||RODOVIA BR 070, S/N|S/N||DISTRITO INDUSTRIAL|
|0150|CLI000015424|JOTA CLEAN AGRO LTDA|01058|42093320000183||138758522|5107040||RUA RIO DE JANEIRO, 1833|S/N||CIDADE PRIMAVERA II|
|0150|CLI000015428|ELISMAIR BORGES DE SOUZA|01058||63053551187||5102678||AV SANTA MARIA, 45|S/N||VALE DO SOL|
|0150|CLI000015429|FABRICIO LORITE DE ALMEIDA CLARO E OUTRO|01058||26983014812|139274758|5102678||FAZENDA DOIS CORACOES, SN BR 070 KM 356|S/N||ZONA RURAL|
|0150|CLI000015431|H A SIMON INJETORAS ME|01058|07726648000199||133126617|5102678||AV GOIAS, 436|S/N||CENTRO|
|0150|CLI000015435|BUNGE ALIMENTOS S/A|01058|84046101012795||130792233|5102678||RODOVIA BR 070, SN|S/N||CENTRO|
|0150|CLI000015436|M.J.M. DOS SANTOS|01058|31073080000139||137317816|5102678||AV CAMPO GRANDE, 345|S/N||ESTACAO DA LUZ|
|0150|CLI000015438|M BARROS RESTAURANTE LTDA|01058|48123131000192||139636439|5103007||RUA QUINCO CALDAS, 80A|S/N||CENTRO|
|0150|CLI000015444|FERNANDA DI LORETO ME|01058|12465066000136|||5102678||RUA MACEIO, 496|S/N||CENTRO|
|0150|CLI000015453|ASSOCIACAO ESPIRITA JOANNA DE ANGELIS|01058|03407718000195|||5104807||RUA IBITINGA, S/N|S/N||SANTA LUZIA|
|0150|CLI000015455|PRISCILA RASQUERI MENDES MARASCHIN E OUTROS|01058||00699161100|137778376|5103908||ROD BR 070 KM 200, SN|S/N||ZONA RURAL|
|0150|CLI000015457|COLEGIO CASTELO LTDA|01058|49150751000183|||5104807||RUA JURUCE, 1586|S/N||CENTRO|
|0150|CLI000015460|PRISCILA RASQUERI MENDES MARASCHIN E OUTROS|01058||00699161100|135860725|5103007||FAZENDA AGAPE, SN RODOVIA MT 140|S/N||ZONA RURAL|
|0150|CLI000015462|ELZO RODRIGUES GRCIA|01058|08764323000163||133365255|5102678||AV BRASIL, 64|S/N||CENTRO|
|0150|CLI000015466|DOCE MEL TORTAS E BOLOS EIRELI|01058|35652409000177||137942362|5102678||RUA ARACAJU, 707|S/N||CENTRO|
|0150|CLI000015470|CLOVIS LUZ|01058||01090591829|133944751|5102678||RODOVIA MT 140, S/N  30 KM A DIREITA|S/N||ZONA RURAL|
|0150|CLI000015478|PEGADAS CLINICA VETERINARIA LTDA|01058|45614777000184||139268626|5102678||RUA RIO DE JANEIRO, 896|S/N||JARDIM CAMPO VERDE|
|0150|CLI000015480|CAMPO VERDE IMPLANTES DENTARIOS LTDA|01058|47203323000146|||5102678||AV MATO GROSSO, 444|S/N||JARDIM CIDADE VERDE|
|0150|CLI000015482|PREFEITURA MUNICIPAL DE MIRASSOL DOESTE|01058|03755477000175|||5105622||RUA ANTONIO TAVARES, 3310|S/N||CENTRO|
|0150|CLI000015484|DANIEL MARINO TRINANES E OUTROS|01058||91267951168|133804070|5102678||MT 251 KM 52, SN|S/N||ZONA RURAL|
|0150|CLI000015499|JEOVA PEREIRA FERREIRA|01058|38116165000104||138286728|5102678||AV SAO LOURENCO, 170|S/N||SAO LOURENCO|
|0150|CLI000015511|MOTO CAMPO LTDA|01058|03944014000666||137429584|5107040||RUA RIO DE JANEIRO, 630|S/N||CENTRO|
|0150|CLI000015514|JOSE EDUARDO CORASSA|01058||51408201100|132981645|5102678||ROD BR 070 KM 360, S/N  4 KM A ESQUERDA|S/N||ZONA RURAL|
|0150|CLI000015518|MOURA SOLUCOES E ENGENHARIA LTDA|01058|41492291000240||139764518|5104807||RUA GUARANIS, 1150|S/N||SAO SEBASTIAO|
|0150|CLI000015521|JOSE NEY LAZARINI|01058||59267119915|135173426|5103601||ROD MT 344 KM 28  8 A ESQ, SN|S/N||ZONA RURAL|
|0150|CLI000015541|CARLOS ALBERTO DE ALMEIDA CINTO|01058||13109128829|138120390|5102678||RODOVIA MT 344 KM 02, S/N|S/N||ZONA RURAL|
|0150|CLI000015545|ANA PAULA DA SILVA LTDA|01058|00600299000115||131626663|5104807||RUA ARQUIMEDES PEREIRA LIMA, 158|S/N||VILA MARTINS|
|0150|CLI000015551|VIDATIVA ACADEMIA LTDA|01058|20419666000196||139922172|5102678||RUA RORAIMA, 127|S/N||SAO LOURENCO|
|0150|CLI000015554|POSTO OMEGA II LTDA|01058|16789263000161||138119953|5107800||ROD. BR 364|S/N|KM 325|DISTRITO DE MORRINHOS|
|0150|CLI000015555|ROQUEVAN FERREIRA DOS SANTOS ME|01058|27071999000116||136846203|5102678||AV SENADOR ATILIO FONTANA, 527 SALA 5 E|S/N||CENTRO|
|0150|CLI000015572|DIOCESE DE PRIMAVERADO LESTE-PARANATINGA|01058|20986630000860|||5106208||AV GENIVAL NUNES ARAUJO, 315|S/N||CENTRO|
|0150|CLI000015573|UP FIT ACADEMIA LTDA|01058|41077032000172|||5102678||AV CAMPO GRANDE, 1380 LOT CAMPO REAL II|S/N||CENTRO|
|0150|CLI000015575|9 BATALHAO DE ENGENHARIA DE CONTRUCAO|01058|07529010000168|||5103403||AV FERNANDO CORREA DA COSTA, 2979|S/N||BOA ESPERANCA|
|0150|CLI000015580|L.C.S. PORTUGUES|01058|45673813000180|||5103601||AV CUIABA, 135|S/N||CENTRO|
|0150|CLI000015581|PADARIA E CONFEITARIA DONA HORTENCIA LTDA|01058|30740842000140||137276141|5102678||AV TANCREDO NEVES, 53|S/N||JARDIM CAMPO VERDE|
|0150|CLI000015587|CUNHA DE OLIVEIRA E CUNHA LTDA ME|01058|21199374000158||135669081|5102678||AV SENADOR ATILIO FONTANA, 3098 LOT JD C|S/N||JARDIM CAMPO VERDE|
|0150|CLI000015601|MARIA JOSE OLIVEIRA RODRIGUES|01058||42875870491|133502937|5104807||FAZENDA DA TORRE, S/N BR 364 KM309|S/N||ZONA RURAL|
|0150|CLI000015609|DANIEL SCHINOCA|01058||01510124152|138248346|5103601||FAZENDA SUMARE, S/N RODOVIA MT 472 KM 06|S/N||DISTRITO ENTRE RIOS|
|0150|CLI000015612|V.V.COMERCIO DE CEREAIS E DERIVADOS EIRELI|01058|28774739000170||138152969|5102678||RODOVIA BR 070 KM386, S/N|S/N||ZONA RURAL|
|0150|CLI000015613|GT SOLUCOES LOGISTICAS S/A|01058|03132620003864|||5102678||RODOVIA BR 070, S/N|S/N||ZONA RURAL|
|0150|CLI000015617|AUTO ELETRICA POTENCIA LTDA|01058|43209835000169||138927847|5102678||AV GOIAS, 132|S/N||CAMPO REAL|
|0150|CLI000015642|EDER RODRIGO PEREIRA|01058||89031873187|137875673|5105200||RODOVIA MT 270 KM 100, S/N|S/N||ZONA RURAL|
|0150|CLI000015643|PRISCILA RASQUERI MENDES MARASCHIN E OUTROS|01058||00699161100|137265255|5102678||FAZENDA PEDRA BRANCA|S/N||ZONA RURAL|
|0150|CLI000015644|CORMERCIAL SAO JOSE E UTILIDADES LTDA|01058|19587861000146||135277850|5102678||AV SANTA TEREZA, 283|S/N||JUPIARA|
|0150|CLI000015651|ELIAS DE SOUZA FILHO|01058||89289986115||5102678||RUA SAO SALVADOR, 1368|S/N||CAMPO REAL II|
|0150|CLI000015653|THIAGO DESTEFANI MINUZZI|01058||02373669161|135508568|5102678||ROD BR 364 KM 312, S/N MARGEM ESQUERDA|S/N||ZONA RURAL|
|0150|CLI000015654|PAULO ROGERIO DINES ROQUE|01058||02278382977|133944964|5102678||SITIO SAO ROQUE, SN AGROVILA JOAO PONCE|S/N||ZONA RURAL|
|0150|CLI000015657|MARCOS HERREIRO DE MORAES|01058||32561334953||5105200||FAZENDA CURITIBA, S/N|S/N||ZONA RURAL|
|0150|CLI000015689|TRANSLOGATTO EXPRESS EIRELI|01058|12270980000202||140131167|5102678||AV SENADOR ATILIO FONTANA, 381 RESINDENC|S/N||CENTRO|
|0150|CLI000015705|J. MACCARI E CIA LTDA|01058|34089178000253||140089705|5102678||AV SANTA TEREZA, 455 Q-27 L-03|S/N||JUPIARA|
|0150|CLI000015730|TRANSPORTADORA MARCA LTDA|01058|76814003000120||136225756|5102678||RUA MARINGA, 411|S/N||JARDIM CAMPO VERDE II|
|0150|CLI000015731|C CARLETI LTDA|01058|52262914000124||140198326|5102678||RODOVIA MT 251, SN|S/N||ZONA RURAL|
|0150|CLI000015732|SIDICAR ESTETICA AUTOMOTIVA LTDA|01058|51341574000164|||5102678||TV NOBRES, 81|S/N||VALE DO SOL|
|0150|CLI000015736|TRATORPRIMA DISTRIBUIDORA LTDA|01058|06215623000168||132541467|5107040||RUA RIO DE JANEIRO, 2827 SALA 02|S/N||CIDADE PRIMAVERA IV|
|0150|CLI000015738|DANIELA A LEITE|01058|41990064000164||138753962|5105259||AV AMAZONAS, 1519 S|S/N||MENINO DE DEUS|
|0150|CLI000015739|MECANICA COSTA E DUARTE LTDA|01058|38708051000145||140107100|5102678||AV BRASILIA|501||VALE DO SOL|
|0150|CLI000015740|STRALIOTTO SUPERMERCADO LTDA|01058|27049807000175||140130420|5102678||AV VEREADOR CESAR LIMA, 386 QUADRA L LOT|S/N||JARDIM CAMPO VERDE|
|0150|CLI000015742|AGRICOLA RENASCER LTDA|01058|51707912000139||140180230|5102678||RODOVIA MT 251 KM 210, S/N AV TUPI NO222|S/N||ZONA RURAL|
|0150|CLI000015743|E DA SILVA JUMIOR E J V VESZ LTDA|01058|52666205000104||140252592|5102678||AV MATO GROSSO, S/N LOTE CAMPO REAL II|S/N||CENTRO|
|0150|CLI000015770|JOAO PAULO FERREIRA CICILIATO|01058||05226378173|137201672|5103007||RO MT 140 KM 70, SN|S/N||ZONA RURAL|
|0150|CLI000015775|ALDO REZENDE NETO|01058||01358684162|137275633|5107701||ESTRADA NOVA BRASILANDIA X PIABA, KM 70|S/N||ZONA RURAL|
|0150|CLI000015794|BANCO SANTANDER SA|01058|90400888318231|||5102678||AV BRASIL, 1066|S/N||ESTACAO DA LUZ|
|0150|CLI000015795|FORT SERVICE LTDA|01058|39768079000130||140308768|5102678||RUA TESOURO, 751 SALA 03|S/N||BELVEDERE|
|0150|CLI000015796|JOAO ERNESTO SEGABINAZZI TROJAN E OUTROS|01058||15250849091|132208946|5107040||ROD. MT 130 KM 40 SENTIDO PRIMAVERA DO L|S/N||ZONA RURAL|
|0150|CLI000015797|JOAO ERNESTO SEGABINAZZI TROJAN E OUTROS|01058||15250849091|138551642|5106307||ESTRADA PARANATINGA A SORRISO, S/N|S/N||ZONA RURAL|
|0150|CLI000015798|AGRICOLA RENASCER LTDA|01058|51707912000210||140271040|5107040||ROD MT 251 KM 280, 0 SETOR FAZENDA POCO|S/N||ZONA RURAL|
|0150|CLI000015799|AGRICOLA RENASCER LTDA|01058|51707912000309||140385533|5107701||EST RIO NOVO KM 130 A DIREITA, 0|S/N||ZONA RURAL|
|0150|CLI000015800|LUCAS GIROTO DE OLIVEIRA|01058||05778430108|138222258|5107701||ROD MT-140 KM 120, S/N|S/N||ZONA RURAL|
|0150|CLI000015801|AZEVEDO SANTANA EIRELI|01058|17556892000376|||5105150||AV. ARAPONGAS, 264|S/N||CENTRO|
|0150|CLI000015802|ALTAIR RODRIGUES|01058|27744901000144||136855709|5102678||RUA PINTO MARTINS, 157|S/N||JD AEROPORTO|
|0150|CLI000015803|COMDOMINIO FLORAIS DO VALLE|01058|19630583000162|||5103403||AV A EM CONFLUENCIA COM A B, S/N|S/N||RIBEIRAO DO LIPA|
|0150|CLI000015804|AGROLOGICA AGROMERCANTIL LTDA|01058|07134550000819||139274014|5102678||AV SENADOR ATILIO FONTANA, 3114 (LOT JD|S/N||JARDIM CAMPO VERDE|
|0150|CLI000015826|COSTA SILVA FARIA ASSESSORIA DE MARKETING LTDA|01058|46471168000186|||3104205||AVENIDA MAGALHAES PINTO, 943 SALA|S/N||SION|
|0150|CLI000015827|CLINICA DOMINA LTDA|01058|22991438000111|||5104807||ITARARE, 1505|S/N||CENTRO|
|0150|CLI000016152|ALEXANDRE JACQUES BOTTAN|01058||38476576153|134976649|5107875||FAZENDA MILANI, SN RODMT 235 KM 548,4 KM|S/N||ZONA RURAL|
|0150|CLI000016153|ANDRE ANGELO BOTTAN|01058||01089092636|132839253|5102678||ROD MT140 KM29, SN 15KM A ESQUERDA|S/N||ZONA RURAL|
|0150|CLI000016154|LINCAR LOCADORA E LIMPEZA LTDA|01058|10526706000145|||2928208||RUA CORONEL FLORES, 52 SALA 101|S/N||CENTRO|
|0150|CLI000016155|ANDRE ANGELO BOTTAN|01058||01089092636|138078416|5104807||ROD BR 364 KM 289, SN  6 KM A DIREITA|S/N||ZONA RURAL|
|0150|FOR000000070|MARANHAO DIST DE SOLUCOES DOMESTICAS LTDA|01058|37456910000193||131402412|5107602||AV. PARAIBA, 676|S/N||JD MARIALVA|
|0150|FOR000000089|GARRAFAS CUIABA IND. E COM. LTDA|01058|13821898000100||134261089|5108402||AV FILINTO MULLER Q 40, LOTE 8, SN|S/N||JD MARAJOARA|
|0150|FOR000000095|VERQUIMICA INDUSTRIA E COMERCIO DE PRODUTOS QUIMICOS LTDA|01058|43588060000180||336125845118|3518800||RUA ARMANDINA BRAGA DE ALMEIDA, 158|S/N||JARDIM SANTA EMILIA|
|0150|FOR000000112|D P V PRODUTOS QUIMICOS LTDA.|01058|53235180000157||587058083111|3543907||ESTRADA ANTONIO SILVEIRA PEDREIRA, 1030|S/N||CHACARA BOM RETIRO|
|0150|FOR000000166|MONTEIRO BOB ETIQ LTDA EPP|01058|11091785000171||133764192|5103403||AV. MANOEL JOSE DE ARRUDA, 680|S/N||JARDIM SHANGRI-LA|
|0150|FOR000000374|INDUSTRIA E COMERCIO DE PRODUTOS DE LIMPEZA GIRANDO SOL LTDA|01058|93973329000110||0050013440|4301008||RUA ARTHUR JOSE SCHROEDER, 780|S/N||SAO CAETANO|
|0150|FOR000000533|SOLUCAO QUIMICA PRODUTOS QUIMICOS LTDA|01058|17294251000129||796055076117|3518800||RUA SERVIDAO, 432|S/N||VILA BONSUCESSO|
|0150|FOR000000637|ATACADAO S.A.|01058|75315333008193||133619036|5103403||AV. ARQUIMEDES PEREIRA LIMA, 6944|S/N||SAO JOSE|
|0150|FOR000000642|ATACADO CENTRAL COMERCIO E DISTRIBUICAO LTDA|01058|00793249000100||131642782|5107602||RUA JOAQUIM AMANCIO FILHO, 163 QUADRA IN|S/N||DIST. INDUSTRIAL|
|0150|FOR000000644|BAUMINAS HIDROAZUL INDUSTRIA E COMERCIO LTDA.|01058|25686353000118||1538981110059|3115300||R JOAO DIAS NETO, 18|S/N||VILA REIS|
|0150|FOR000000651|SUPERPRO BETTANIN S.A.|01058|11071732000199||0430124104|4307708||ROD BR 116, KM258 - PREDIO 7|S/N||NOVO ESTEIO|
|0150|FOR000000660|CETAP DISTRIBUICAO DE PROD ALIM|01058|06120153000159||134016998|5108402||RUA LIMOEIRO, 61, 0|S/N||CENTRO SUL|
|0150|FOR000000723|TRANSRAPIDO SINAL VERDE LTDA|01058|05877639000173||133169847|5103403||RUA VINTE E UM|333||DISTRITO INDUSTRIAL|
|0150|FOR000000729|INDUSTRIA E COMERCIO ODERICH LTDA|01058|97191621000131||1280000764|4319505||RUA CEL GUIMARAES, 49|S/N||NAVEGANTES|
|0150|FOR000000731|CARVALIMA TRANSPORTES|01058|33070814001042||133409147|5103403||RODOVIA PALMIRO PAES DE BARROS|2700||PARQUE CUIABA|
|0150|FOR000000778|COMERCIO DE ALIMENTOS TUPI LTDA-ME|01058|09623238000148||133566455|5107602||RUA SAO SEBASTIAO, 1219|S/N||PARQUE SAO JORGE|
|0150|FOR000000807|ROMARIO BENDER MACHADO ME|01058|05762773000129||132246473|5107602||RUA JOAQUIM NABUCO, 1|S/N||JD ATLANTICO|
|0150|FOR000000845|FLORAX E GLOBO COMERCIO DE PAPEIS LTDA|01058|37832508000166||102552215|5201108||RUA R 2, S/N QD 11 A MODULO 01|S/N||DAIA|
|0150|FOR000000847|GOEDERT LTDA|01058|79846465000118||251468933|4202305||RUA: ALEXANDRE SERGIO GODINHO, 129 GALPA|S/N||MORRO DA BINA|
|0150|FOR000000889|MILLENNIUN TECNOLOGIA AMBIENTAL LTDA|01058|03625129000183||0963060465|4314902||AV. A. J. RENNER, 1426|S/N||HUMAITA|
|0150|FOR000000893|TXS TRANSPORTES EIRELI - EPP|01058|20945755000176||0240489594|4304606||RUA BERTO CIRIO 1420|1420||SAO LUIZ|
|0150|FOR000000894|NORTE SUL REAL DISTR E LOGIST LTDA|01058|11322774000155||133802736|5108402||RODOVIA DOS IMIGRANTES, 0|S/N||SAO MATEUS|
|0150|FOR000000908|HIPER TEXTIL CAMA MESA E BANHO LTDA|01058|06555530000263||255903669|4202909||ROD. IVO SILVEIRA, 2910 KM 3|S/N||BATEAS|
|0150|FOR000001110|MARAZUL TECNOPLASTICA IND. E COM. LTDA|01058|79399341000131||251366049|4208203||RUA: R SOUZA CRUZ, 320|S/N||CORDEIROS|
|0150|FOR000001113|IBOPEL INDUSTRIA E COMERCIO DE PAPEIS LTDA|01058|19479284000179||135257913|5105259||RUA CUIABA, 933|S/N||INDUSTRIAL|
|0150|FOR000001412|MAX DISTRIBUIDORA DE UTILID E BRINQUEDOS|01058|40065819000151||108178048|5201405||RUA 18 C/RUA 6 COM EIXO PRIMARIO QD 23,|S/N||POLO EMPRES. GOIAS I|
|0150|FOR000001571|PICCOLI TRANSPORTES LTDA|01058|01496359000245||127344402113|3518800||VIELA URGA|557||VILA NOVA BONSUCESSO|
|0150|FOR000001575|DISTRIBUIDORA TROPICAL AROMAS EIRELI|01058|12902777000120||379414254111|3523107||ESTRADA DO CAMPO LIMPO, 2750|S/N||JARDIM DO VALE|
|0150|FOR000001661|CXW COMERCIO DE EMBALAGENS EIRELI|01058|41579580000109||138683107|5103403||R D, 1620 ANEXO|S/N||DISTRITO INDUSTRIAL|
|0150|FOR000001799|INDUSTRIA QUIMICA ANASTACIO S/A|01058|60874724000943||206623109116|3505708||ESTRADA DOS ALPES, 855 ANEXO SETOR A6|S/N||JARDIN BELVAL|
|0150|FOR000001808|STEPAN QUIMICA LTDA|01058|01898598000493||600194014110|3545209||RUA BATALHA DO TUIUTI, 1730|S/N||DISTRITO INDUSTRIAL LAGEADO|
|0150|FOR000002118|AVANZI QUIMICA LTDA|01058|13816737000129||720014670115|3556453||AV FERNANDO DE NORONHA, 800|S/N||JD MARGARIDA|
|0150|FOR000002122|PERFECT EQUIPAMENTOS DE LIMPEZA LTDA|01058|03210886000277||260870390|4215802||RUA ANNA NEPPEL, N 107 DEPOSITO BLOCO A|S/N||ALPINO|
|0150|FOR000002371|HARLEI NEANDER KAPTEINAT LTDA|01058|07731241000311||138336814|5100201||RUA 01, 245|S/N||CENTRO|
|0150|FOR000002373|CRISTALCOPO S/A|01058|05316470000344||257292969|4204608||OTAVIO DASSOLER, 4247|S/N||LINHA BATISTA|
|0150|FOR000002376|EMBRAST INDUSTRIA E COMERCIO LTDA|01058|04310364000129||254190480|4208203||RUA EDMUNDO LEOPOLDO MERIZIO, 320|S/N||LIMOEIRO|
|0150|FOR000002384|DAMARFE PRODUTOS QUIMICOS LTDA|01058|74509902000194||286276368118|3513801||AVENIDA CASA GRANDE, 2136|S/N||CASA GRANDE|
|0150|FOR000002387|LALAN DO BRASIL IMPORTACAO E COMERCIO DE EQUIPAMENTOS DE PRO|01058|26124320000147||9073075570|4125506||AVENIDA ROCHA POMBO, 2561 BOX 4 A|S/N||AGUAS BELAS|
|0150|FOR000002395|INDUSTRIA TEXTIL C C A LTDA|01058|04959430000196||2831688730060|3128303||RUA A, 60 IMA:IMA|S/N||DISTRITO INDUST|
|0150|FOR000002408|NORTE SUL SEMENTES LTDA|01058|05961048000180||132376237|5104807||AV MARAJA, 843|S/N||PLANALTO|
|0150|FOR000002444|ENGEPOLYMER PLASTICOS LTDA (POOLSIDE )|01058|05036851000108||799455190110|3548708||RUA SEBASTIAO BRUNI, 168|S/N||PARQUE TERRA NOVA II|
|0150|FOR000002450|TESLA MARCACOES INDUSTRIAIS LTDA|01058|17731975000354||124367137115|3549805||AV. DAS HORTENSIAS, 621|S/N||JARDIM DOS SEIXAS|
|0150|FOR000002459|LORNE - COMERCIO DE PRODUTOS DE HIGIENE E LIMPEZA LTDA|01058|48015552000108||9096621920|4106902||RUA CARLOS DE LAET, 5940|S/N||BOQUEIRAO|
|0150|FOR000002460|WESLEY THIAGO SAO JOAO - SENATEC|01058|20534561000188||135472768|5102678||AVENIDA PORTO ALEGRE, 102|S/N||CAMPO REAL|
|0150|FOR000002461|INDUSTRIA QUIMICA ANASTACIO S/A|01058|60874724001087||671499397111|3552403||RODOVIA ANHANGUERA, KM114, SN ALPAO200 M|S/N||JARDIM DALLORTO|
|0190|10|Quilo|
|0190|11|FARDO|
|0190|134|DESCRICAO NAO INFORMADA|
|0190|156|Caixa com 12 itens|
|0190|16|UNIDADE|
|0190|257|Caixa com 15 itens|
|0190|28|POTE|
|0190|3|Unidade|
|0190|381|METRO|
|0190|39|BALDE|
|0190|48|CAIXA|
|0190|539|PARES|
|0190|674|P04|
|0190|7|Peça|
|0190|73|UND|
|0190|77|DUZIA|
|0190|8|DESCRICAO NAO INFORMADA|
|0190|843|CX06|
|0190|87|UNIDADE|
|0190|91|DESCRICAO NAO INFORMADA|
|0190|910|CXA1|
|0200|000000000001103122|BIO-SOFT S-118 DH PA014TO34 1050k|SEM GTIN||10|00|34023100||34||0,00||
|0200|000000001589|CONECTOR PLUG P4 FEMEA BORNE|SEM GTIN||3|00|85369010||85||0,00||
|0200|000000011657|CABO ADAPTADOR POE (MACHO/FEMEA) BRANCO|SEM GTIN||3|00|85444200||85||0,00||
|0200|010172|PT GLOBO 20X21 100% CELULOSE-1516|6937954513727||11|00|48182000||48||0,00|2004500|
|0200|01ALC965010|ALCOOL 96 - CONTAINER PE REC.|SEM GTIN||10|00|22071090||22||0,00||
|0200|01ISOPR1002|ISOPROPANOL - TAMBOR NOVO 200|SEM GTIN||10|00|29051220||29||0,00||
|0200|10.09.0012-0072|TOALHA MAGICA DE MICROFIBRA SUPER ABSORCAO 50cm X 70cm SORTIDO|7896943266664||3|00|63079090||63||17,00||
|0200|1001212DMGH14R1|0007.2.1426SO25 - ACIDO BORICO|SEM GTIN||10|00|28100010||28||0,00||
|0200|1002428|Amaciante Concentrado G. Sol 1000 X 12 Azul|7896404604400||48|00|38099190||38||17,00|1100800|
|0200|1002975|Lava Roupa Liquido G. Sol 5000 X 04 Glicerina|7896404607227||48|00|34025000||34||0,00|1100600|
|0200|1003745|Amaciante Concentrado G. Sol 1000 X 12 Vermelho|7896404604523||48|00|38099190||38||17,00|1100800|
|0200|1005322|Limpador Multiuso G. Sol 0500 X 12 com Bicarbonato|7896404607784||48|00|34025000||34||0,00|1100700|
|0200|1005323|Limpador Multiuso G. Sol 0500 X 12 Original|7896404607760||48|00|34025000||34||0,00|1100700|
|0200|1005430|Bloco Sanit p/CX Acoplada G.Sol 12X2X35G Frescor Marinho|7896404607906||48|00|34025000||34||0,00|1100700|
|0200|1005431|Bloco Sanit p/CX Acoplada G.Sol 12X2X35G Lavanda Fresca|7896404607890||48|00|34025000||34||0,00|1100700|
|0200|1005433|Gel Adesivo Aplic.+ Refil G.Sol 12X1X40G Lavanda Fresca|7896404607913||48|00|34025000||34||0,00|1100700|
|0200|1005436|Pastilha Adesiva G.Sol 24X3X9G Encanto Citrico|7896404607968||48|00|34025000||34||0,00|1100700|
|0200|1005437|Pastilha Adesiva G.Sol 24X3X9G Frescor Marinho|7896404607975||48|00|34025000||34||0,00|1100700|
|0200|1005438|Pastilha Adesiva G.Sol 24X3X9G Lavanda Fresca|7896404607951||48|00|34025000||34||0,00|1100700|
|0200|10100300202534|BALA S/RITA CAFE C/ 600 GR|7897156102244||3|00|17049020||17||17,00||
|0200|10100300202547|RAID ISCA MATA BARATAS 06UN|7894650126097||3|00|38089199||38||0,00||
|0200|10100300202548|LIMPADOR CIF CREMOSO ORIGINAL 450ML|7891150022034||3|00|34054000||34||0,00||
|0200|10100300202549|AGUA DE PASSAR 500 ML - CONFORTO|7898343703985||257|00|33029019||33||0,00||
|0200|10100300202550|CX PAP OND 365x260x323 CAIXA P/ 4X5 L GALAO PET CLICHE LIMZA 90007|SEM GTIN||3|00|48191000||48||0,00||
|0200|10100300202551|MULTIUSO YPE COM ALCOOL 500ML|7896098900178||3|00|34025000||34||0,00|2806300|
|0200|10100300202552|INSETICIDA BAYGON ACAO TOTAL 475ML|7894650013304||3|00|38089119||38||0,00|2806300|
|0200|10100300202553|GLADE GEL CEU E FLOR DE SAL 70G|7894650939772||3|00|33074900||33||0,00|2806300|
|0200|10100300202554|GLADE GEL TOQUE DE MACIEZ 70G|7894650004609||3|00|33074900||33||0,00|2806300|
|0200|10100300202555|GLADE GEL TANGERINA 70G|7894650939789||3|00|33074900||33||0,00|2806300|
|0200|10100300202556|FREECO BLOQUEADOR TUTTI FRUTTI SPRAY 60ML|7898961258102||3|00|49111090||49||0,00|2806300|
|0200|10100300202557|CENTRALSUL POLIDOR DE METAIS 100G|7898227538566||3|00|34054000||34||0,00|2806300|
|0200|10100300202558|FREECO BLOQUEADOR ESPECIARIAS SPRAY 60ML|7898233931665||3|00|33074900||33||0,00|2004300|
|0200|10100300202559|CABO LAN CFTV CAT5 AZUL 4P|SEM GTIN||381|00|85444900||85||0,00||
|0200|10100300202560|CONECTOR CONEX 1000 RJ45 CAT6|SEM GTIN||3|00|85369090||85||0,00||
|0200|10100300202561|G SOL LIMPADOR PERF ENCANTOS DA PRIMAVERA 1L|7896404605032||3|00|34029090||34||0,00|2806300|
|0200|10100300202562|G SOL LIMPADOR PERF SUAVE MAGIA 1L|7896404605025||3|00|34025000||34||0,00|2806300|
|0200|10100300202563|VB 3001 WP 4K 01CH POWER BALUN COM ALIMENTACAO|SEM GTIN||3|00|85043199||85||0,00||
|0200|10100300202564|FRASCO PET TRANSPARENTE SPRAY 60ML|SEM GTIN||3|00|70109022||70||0,00|2806300|
|0200|10100300202565|CABO MANGA COAXIAL MASTER 0,4MM FLEX BIP 02X26 80%|SEM GTIN||3|00|85442000||85||0,00||
|0200|1018184|Lava Roupa Po G. Sol Sache 1,6 KG X 10 Azul|7896404607616||11|00|34025000||34||0,00|1100400|
|0200|1035|MULTIUSO YPE ANTIBAC 500ML|7896098905890||3|00|34025000||34||17,00|2806300|
|0205|RODABRILL SILICONE GEL LAVANDA 200G|01112018|19072021||
|0200|110010-450|SABONETE PREMISSE TANGERINA E CHA VERDE 450 ML COM PUMP CX C. 12|7898912018045||48|00|34012010||34||0,00|2003600|
|0200|110010-450R|SABONETE PREMISSE TANGERINA E CHA VERDE REFIL ECO 450ML - CX 12UN CX C. 12|7898623582286||48|00|34012010||34||0,00|2003600|
|0200|110013-450|SABONETE PREMISSE ALCACUZ E MANGA 450ML - CX C/12 CX C. 12|7898912018373||48|00|34012010||34||0,00|2003600|
|0200|1278|DISPENSE PAPEL HIG ROLAO NOBRE|7899682730380||3|00|39259090||39||17,00|2806300|
|0200|1348|CENTRALSUL ANTITABACO AEROSOL 400ML|7898227539594||3|00|33074900||33||17,00|2806300|
|0205|DESOCUPADO|28032019|21012022||
|0200|1349|DESINFETANTE YPE ANTIBAC 500ML|17896098906979||3|00|38089419||38||17,00|2806300|
|0200|13495|AGUA AROMATIZADA PARA TECIDOS BENE CASA 300ml CEREJA E AVELA|7896943266398||674|00|33029090||33||17,00||
|0220|3|1,000000||
|0200|1492|ULTRA FINISH TITANIUM 150G|SEM GTIN||3|00|39100090||39||17,00|2806300|
|0200|15133450708|LUVA NEOPRENE DUO M|7898644290405||91|00|40151900||40||0,00||
|0220|539|1,000000||
|0200|15133450709|LUVA NEOPRENE DUO G|7898644290412||539|00|40151900||40||0,00||
|0200|15133450710|LUVA NEOPRENE DUO GG|7898644290429||539|00|40151900||40||0,00||
|0200|160057-500|LIMPA BOX 500 ml PU CX C. 12|7898623580862||48|00|34029039||34||0,00|1100700|
|0200|160088-1|Detergente para Extratora Brisa do Verao 1 Litro CX C. 06|7898623583320||48|00|34025000||34||0,00|1100600|
|0200|1869|GLADE AUTOMATIC 3EM1 AP LAV&VANILL 269ML|7894650003169||3|00|33074900||33||17,00||
|0200|19123|BAYGON AERO ACAO TOTAL 360ML|7894650003787||3|00|38089119||38||0,00||
|0200|200043|DESC CPP-18 TR|||48|00|39235000||39||0,00||
|0200|202.00001|IMPRESSORA DOTJET DJ1|SEM GTIN||3|00|84433910||84||17,00||
|0200|20438|LIMPA FORNO DIABO VERDE|27896495000123||910|00|34025000||34||17,00|1100700|
|0200|20439|DESENTUPIDOR DIABO VERDE LIQUIDO|17896495000157||910|00|34025000||34||0,00|1100700|
|0200|21820|SACO DE LIXO BOMPACK 100LT ECONOMICO C/25|7898416301162||3|00|39232190||39||0,00|1101200|
|0200|21821|SACO DE LIXO BOMPACK 50LT ECONOMICO C/50|7898416301179||3|00|39232190||39||0,00|1101200|
|0200|21822|SACO DE LIXO BOMPACK 30LT ECONOMICO C/50|7898416301186||3|00|39232190||39||0,00|1101200|
|0200|21823|SACO DE LIXO BOMPACK 15LT ECONOMICO C/100|7898416301193||3|00|39232190||39||0,00|1101200|
|0200|24397|BOB. BOMPACK SLIM LIMP. LEVE 28CM C/300MT AZUL UN|7898416307492||3|00|56039290||56||0,00||
|0200|24775|TOUCA BOMPACK TNT BRANCA SANFONADA 18 (45X50CM) C/100|7908026001519||3|00|65050090||65||0,00||
|0200|25137|SACOLA REUTILIZAVEL BOMPACK ECO CAMPO VERDE UND|SEM GTIN||3|00|42029200||42||0,00||
|0200|25782|LUVA VINIL BOMPACK MED S/PO P/ PROCED. M C/100|7908026002233||3|00|39262000||39||0,00||
|0200|27929|ESCOVINHA MULTIUSO C/ALCA BOMPACK UN|SEM GTIN||3|00|96039000||96||0,00||
|0200|33167|CESTO 60L FECHADO C/TAMPA PRETO|7898654261495||3|00|39249000||39||0,00||
|0200|340056-02|Invoq Saboneteira Compacta 600ml Liquida C/Reserv Dark CX C. 06|7898908101485||48|00|39259090||39||0,00|1001700|
|0200|340325-02|Invoq Toalheiro - Center Dark CX C. 06|7898623582125||48|00|39259090||39||0,00|1001700|
|0200|343200106004|ONU 2468 ACIDO TRICLOROISOCIANURICO, SECO 5.1 II - PASTILHA DE TRICLORO MULTIACAO SC 200G CX C/ 60UN|SEM GTIN||7|00|38089419||38||17,00||
|0200|350000-02|TELA AROMATIZANTE LEAF SCREEN VANILA - 2CX C/ 30 UNIDADES CX C. 60|7898908100587||48|00|39259090||39||0,00|1001700|
|0200|350001-01|TELA AROMATIZANTE MIC SCREEN - MORANGO CX C. 60|7898912018304||48|00|39259090||39||0,00|1001700|
|0200|350001-03|TELA AROMATIZANTE MIC SCREEN - CEREJA CX C. 60|7898912019653||48|00|39259090||39||0,00|1001700|
|0200|350001-04|TELA AROMATIZANTE MIC SCREEN - LIMAO CX C. 60|7898912018311||48|00|39259090||39||0,00|1001700|
|0200|350001-05|TELA AROMATIZANTE MIC SCREEN - TUTTI-FRUTTI CX C. 60|7898912018298||48|00|39259090||39||0,00|1001700|
|0200|350002-01|TELA AROMATIZANTE DEO SCREEN MORANGO - CX C/ 60 UN CX C. 60|7898912018229||48|00|39259090||39||0,00|1001700|
|0200|35511|VS M FACEIRA C/ CABO BICOLOR VERDE 1,20M X 22MM|7896104035504||3|00|96039000||96||0,00||
|0200|3615|RIBBON 110 X 60 CERA INKANTO AWR1|7890000036153||73|00|48211000||48||0,00||
|0200|38039|Disco limpeza p/enceradeira verde 350mm. - Nobre|7899682753006||3|00|68053090||68||17,00||
|0200|38042|Disco limpeza p/enceradeira verde 510mm - Nobre|7899682753037||3|00|68053090||68||0,00||
|0200|38050|Disco lust. p/enceradeira branco 510mm - Nobre|7899682753112||3|00|68053090||68||17,00||
|0200|38491|CESTO 95lt FECHADO C/TAMPA|7897649768629||3|00|39249000||39||0,00||
|0200|38918|Mop spray elegance (c/reservatorio 350ml) LJQ-005 - Nobre|7899682759169||3|00|96039000||96||0,00|2802800|
|0200|39999|Dispenser p/toalha 1/3D. cinza/branco New Classic - Nobre|7899682766563||3|00|39259090||39||0,00|1001700|
|0200|4024|CESTO 10L TELADO P/BANHEIRO|7898280070638||3|00|39241000||39||17,00||
|0200|41489|Papel toalha interfolha c/1000fls. 20x20cm. 2D. (fardo plastico) (celulose virgem) Fit - Nobre|7899682777088||7|00|48182000|00|48||17,00|2004500|
|0200|4192|BALA S/RITA CEREJA KISS ME C/ 600 GR|7897156101971||28|00|17049020||17||17,00||
|0220|3|1,000000||
|0200|4193|BALA S/RITA HORTELA C/ 600 GR|7897156104675||28|00|17049020||17||17,00||
|0220|3|1,000000||
|0200|4376|GUARDANAPO M. MAXIM 23X22 CM C/ 50 UN|7896026850070||3|00|48183000||48||0,00|2004600|
|0200|4439|ESPANADOR DE PENA N.30|7896771000072||3|00|96039000||96||17,00||
|0200|48398|Dispenser p/hig. rolao 300/500m. branco Street - Nobre|7899682730380||3|00|39259090||39||0,00|1001700|
|0200|4986|Detergente Lava Louca G. Sol 2000 X 06 Natural|7896404600693||48|00|34025000||34||0,00|1100500|
|0200|4987|Detergente Lava Louca G. Sol 2000 X 06 Neutro|7896404600679||48|00|34025000||34||0,00|1100500|
|0200|5010|DROPS HALLS CEREJA C/ 28 GR|7622210812636||3|00|17049020||17||17,00||
|0200|502.000.212|ECONOMIC BD 10KG LOTE 0008|SEM GTIN||39|00|38089419||38||0,00||
|0200|502.152.295|TRIACTION 200G CX 120X200G ENV ONU 2468 ACIDO TRICLOROISOCIANURICO, SECO LOTE 0005|SEM GTIN||48|00|38089419||38||0,00||
|0200|5073|KELLDRIN SC 25 DISPLAY (25x30ml)|7898374660011||134|00|38089192||38||0,00||
|0200|5123|RODINHO P/PIA 16CM|7896042021867||3|00|39249000||39||17,00||
|0200|5176|AR AGRADAVEL LAVANDA 400 ml|7898374663296||3|00|38085910||38||0,00||
|0200|5275|AR AGRADAVEL CHA BRANCO 400 ml|7898374664286||3|00|38085910||38||0,00||
|0200|53308|Dispenser poupador de copos 150 a 200ml Branco -Multicopo- Nobre|7899682728462||3|00|39259090||39||0,00|1001700|
|0200|54190|Lencol hosp. descart. 0,70x50m. (celulose virgem) s/picote - emb.ind.- Nobre|7899682785182||3|00|48185000||48||17,00|2805800|
|0200|54926|Desodorizante para aparelhos sanitarios Floral - UP PRO FRESH 25g|7909930002364||3|00|38089999||38||0,00||
|0200|54927|Desodorizante para aparelhos sanitarios Lavanda - UP PRO FRESH 25g|7909930002371||3|00|38089999||38||0,00||
|0200|550.001.050|NEOSHOCK CX 20X1L  LOTE 0511|SEM GTIN||48|00|38089999||38||17,00||
|0200|550.002.050|NEOTRATY CX 20X1L  LOTE 0434|SEM GTIN||48|00|38089999||38||17,00||
|0200|550.002.052|NEOTRATY CX 4X5L LOTE 0059|SEM GTIN||48|00|38089999||38||0,00||
|0200|550.300.050|NEOFLOC CX 20X1L LOTE 0401|SEM GTIN||48|00|28273200||28||0,00||
|0200|550.300.052|NEOFLOC CX 4X5L LOTE 0080|SEM GTIN||48|00|28273200||28||0,00||
|0200|5781|PAPEL H. PALOMA CAMOMILA 30 MTSC/ 4 UN|7896026838542||3|00|48181000||48||0,00||
|0200|5889|AGUA DE PASSAR 500 ML - TERNURA|7898343700960||257|00|33029019||33||0,00||
|0200|5912|NAFTALINA TRIEX [CARTELA] C/ 25 GR|7896527700171||3|00|29029020||29||0,00||
|0200|6624212DMC511A1|0314.2.0647SO25 - TRIPOLIFOSFATO DE SODIO TECNICO|SEM GTIN||10|00|28353190||28||0,00||
|0200|67305|LIMP.PERF.CONC.COALA CITRIODORA|17897744502262||910|00|34029029||34||0,00|1100700|
|0200|67371|LIMP.PERF.CONC.COALA ALGODAO|17897744502316||910|00|34029029||34||0,00|1100700|
|0200|6920|RACAO VITTAMAX GOLD 23% C/ 6 KG|7898224820091||3|00|23091000||23||0,00||
|0200|71167|AGUA DE PASSAR 500 ML - TALCO|7898343703992||257|00|33029019||33||0,00||
|0200|7308-1|CX PAP OND 380x260x287 N 01 04X05 L CMC-B3 90001|SEM GTIN||3|00|48191000||48||17,00||
|0200|7644|AUT. SILICONE GEL POLITRIZ C/ 230 GR|17898575691996||48|00|39100090||39||17,00||
|0200|7744|PASTILHA SAN. POLITRIZ CART.MISTA C/10GR|7898575691883||3|00|34023100||34||0,00||
|0200|7896404603373|Lava Roupa Liquido G. Sol 2000 X 06 Glicerina|7896404603373||48|00|34022000||34||17,00||
|0200|789663763220|VHD 1120 D G6 CAMERA DOME 120P 2,8MM|SEM GTIN||3|00|85258913||85||0,00||
|0200|789663767738|FONTE AC/DC 12,8V 10A EFM 1210|SEM GTIN||3|00|85044021||85||0,00||
|0200|789663768869|CONECTOR PLUG BNC MACHO BORNE|SEM GTIN||3|00|85369090||85||0,00||
|0200|789663769178|CAIXA OPACA PLASTICA 80X80 BRANCA- INTELBRAS|SEM GTIN||3|00|39269090||39||0,00||
|0200|789663769730|VHL 1120 B CAMERA BULLET 720P 3,6MM|SEM GTIN||3|00|85258913||85||0,00||
|0200|7897924000147|ESSENCIA TORUS 125 ML|7897924000147||3|00|33029019||33||0,00||
|0200|7897924020213|ESSENCIA CEREJA E AVELA 125 ML|7897924020213||3|00|33029019||33||0,00||
|0200|7897924334914|ESSENCIA MIL FLORES 125 ML|7897924334914||3|00|33029019||33||17,00||
|0200|7897924400176|ESSENCIA LIMAO 125 ML|7897924400176||3|00|33029019||33||17,00||
|0200|7897924400183|ESSENCIA LAVANDA 125 ML|7897924400183||3|00|33029019||33||17,00||
|0200|7897924402231|CORANTE ROUPA AZUL|7891988000204||3|00|32041400||32||17,00||
|0200|7897924402713|ROLO ADESIVO TIRA PELOS PANOSUL 60 FOLHAS SORTIDO|7896943268286||3|00|39249000||39||17,00||
|0200|789855509216|CABO LAN BLINDADO COBRE EXTERNO DC TELECAM|SEM GTIN||3|00|85441100||85||0,00||
|0200|7898955494228|PIRULITO S/RITA SUPIMBOOL SORT.C/ 600 GR|7897156101377||3|00|17049020||17||17,00||
|0200|7898955494245|VASSOURA LIMPA CANTO|7898236690156||3|00|96039000||96||0,00||
|0200|7898955494246|RODO PUXA E SECA 60 CM|7898236690552||3|00|96039000||96||0,00||
|0200|7898955494247|PAPEL H. BRISA SUAVE / ROLAO C/ 300 MT|7897217208519||3|00|48181000||48||0,00|2004200|
|0200|7898955494255|PAPEL H. PALOMA-NEUTRO 30 MTS C/ 16 UN|7896026800822||3|00|48181000||48||0,00|2004200|
|0200|7898955494257|RODO LAVA AZULEJO|7898236690743||3|00|96039000||96||0,00||
|0200|7898955494258|PA PARA LIXO COM CABO|7898236690309||3|00|39249000||39||0,00||
|0200|7898955494259|ESSENCIA CITRONELA 125 ML|7897924400152||3|00|33029019||33||0,00||
|0200|7898955494260|ESSENCIA BEBE 125 ML|7897924401104||3|00|33029019||33||0,00||
|0200|7898955494261|ESCOVA P/ ROUPA PLASTICA C/12|7898236690224||77|00|96039000||96||0,00||
|0200|7898955494262|PAPEL T. MULTIUSO STYLUS C/ 2 UN|7896026800754||3|00|48189090||48||0,00|2004700|
|0200|7898955494263|PAPEL H. DUETTO F/D PERF30 MTSC/ 12 UN|7896026800860||3|00|48181000||48||0,00|2004300|
|0200|7898955494265|CHICLE TRIDENT DIET HORTELA C/ 8 GR|7895800400159||3|00|21069050||21||0,00|1700500|
|0200|7898955494276|ESSENCIA CASA LIMPA 125 ML|7897924562386||3|00|33029019||33||0,00||
|0200|7898955494280|RODO PLASTICO 60CM|SEM GTIN||3|00|96039000||96||0,00||
|0200|7898955494281|SACO ALVEJADO GRANDE|7898232692123||3|00|63079090||63||0,00||
|0200|7898955494287|AMACIANTE CONCENTRADO COMFORT ORIGINAL REFIL 900ML|7891150054585||3|00|38099190||38||0,00|1100800|
|0200|7898955494289|ESFR HIDROANGULAR+CABO PRETO/VERDE 2MX22MM|SEM GTIN||3|00|96039000||96||0,00||
|0200|7898955494290|CABO BICOLOR PRETO C VERDE 2 X 0,22 ROSCA PLAST|7896104011157||3|00|44170090||44||0,00||
|0200|7898955494309|GLADE AERO LAVANDA 360ML OF ESP|7894650013861||3|00|33074900||33||0,00||
|0200|7898955494311|TAMPA SEGURANCA CRIANCA - VERMELHA|SEM GTIN||87|00|39235000||39||0,00|0000000|
|0200|7898955494314|Sabao em Pasta G. Sol 500G X 12 Tradicional|7896404607302||48|00|34012090||34||0,00||
|0200|7898955494315|Detergente Lava Louca G. Sol 1000 X 12 Neutro|7896404607050||48|00|34025000||34||0,00|1100500|
|0200|7898955494316|Detergente Lava Louca G. Sol 1000 X 12 Natural|7896404607043||48|00|34025000||34||0,00|1100500|
|0200|7898955494318|Detergente Lava Louca G. Sol 1000 X 12 Limao|7896404607029||48|00|34025000||34||0,00|1100500|
|0200|7898955494321|RODO PUXA E SECA 40 CM|7898236690095||3|00|96039000||96||0,00||
|0200|7898955494339|CHICLE TRIDENT DIET T. FRUTTI C/ 8 GR|7895800400166||3|00|21069050||21||0,00|1700500|
|0200|7898955494342|TOALHA MAGICA DE MICROFIBRA SUPER ABSORCAO ENCARTELADO 60cm x 80cm SORTIDO|7896943232379||3|00|63071000||63||0,00||
|0200|7898955494349|VASSOURA PIACAVA REFORCADA C/CABO PLAST 1,20MX22MM|7896104039502||3|00|96039000||96||0,00||
|0200|7898955494350|VASSOURA BRASIL C/ CABO AMARELO 1,20M X 22MM|7896104035009||3|00|96039000||96||0,00||
|0200|7898955494351|LIMPA-TETO MULTICOLOR C/ CABO PRETO/VERD 2M X 22MM|7896104027608||3|00|96039000||96||0,00||
|0200|7898955494353|ESCOVA CHAO FIO DURO C / CABO VERDE 1,20M X 22MM|7896104030806||3|00|96039000||96||0,00||
|0200|7898955494361|DIFUSOR TROPICAL FLOR DE AMARILIS 250ML|7898343701257||156|00|33029019||33||0,00||
|0200|7898955494363|Limpador Perfumado G. Sol 1000 X 12 Pura Seducao|7896404605766||48|00|34025000||34||0,00|1100700|
|0200|7898955494379|INTERCAP TQ400 1X40 1L|7898481621202||3|00|34029090||34||0,00|2806300|
|0200|7898955494387|AMACIANTE CONC YPE ESSENCIAL 1L|7896098901847||3|00|38099190||38||0,00|2806300|
|0200|7898955494401|PA PARA LIXO PLASTICA|7898236690323||3|00|39249000||39||0,00|1400500|
|0200|7898955494405|LIMPADOR CIF CREMOSO LIMPEZA PROFUNDA LIMAO 450ML|7891150022027||3|00|34054000||34||0,00||
|0200|7898955494415|Disco lust. p/enceradeira branco 410mm. - Nobre|7899682753099||3|00|68053090||68||0,00||
|0200|7898955494421|FLANELA OURO G 38X58|7898907777025||77|00|63071000||63||0,00||
|0200|7898955494422|FLANELA BRANCA G 38X58|7898907778497||77|00|63071000||63||0,00||
|0200|7898955494425|DIFUSOR TROPICAL ORQUIDEA AZUL 250ML|7898343701202||156|00|33029019||33||0,00||
|0200|7898955494426|DIFUSOR TROPICAL MACA VERDE 250ML|7898343701219||156|00|33029019||33||0,00||
|0200|7898955494432|GARRAFAO PET LIMPEZA 5LITROS|SEM GTIN||3|00|01051190||01||0,00||
|0200|7898955494437|LIXEIRA C/PEDAL QUAD. 14L PRETO/PRATA|7899335403777||3|00|39249000||39||0,00||
|0200|7898955494439|DIFUSOR TROPICAL 250 ML - LAVANDA|7898343701318||156|00|33029019||33||0,00||
|0200|7898955494440|DIFUSOR TROPICAL 250 ML - FLOR DE ALGODAO|7898343702094||156|00|33029019||33||0,00||
|0200|7898955494441|DIFUSOR TROPICAL 250 ML - LIMAO SICILIANO|7898343701851||156|00|33029019||33||0,00||
|0200|7898955494442|DIFUSOR TROPICAL 250 ML - MORANGO|7898343701189||156|00|33029019||33||0,00||
|0200|7898955494443|DIFUSOR TROPICAL 250 ML - MELANCIA|7898343701875||156|00|33029019||33||0,00||
|0200|7898955494444|DIFUSOR TROPICAL 250 ML - CRAVO E CANELA|7898343701196||156|00|33029019||33||0,00||
|0200|7898955494457|PERFECT MOP MOVE - 380199|17898951048079||3|00|96039000||96||0,00||
|0200|7898955494459|GLADE AUTOMATIC RF FTA&FLOR 269ML OF ESP|7894650938614||3|00|33074900||33||0,00||
|0200|7898955494460|GLADE AUTOMATIC RF LAV/VAN 269ML OF ESP|7894650013205||3|00|33074900||33||0,00||
|0200|7898955494461|GLADE AUTOMATIC RF TOQ MAC 269ML OF ESP|7894650937563||3|00|33074900||33||0,00||
|0200|7898955494480|ENZILIMP 12 UN.X150G|17898341320068||48|00|35079019||35||17,00||
|0200|7898955494483|PANO DE MICROFIBRA 35cm x 35cm SORTIDO|7896943218472||3|00|63071000||63||0,00||
|0200|7898955494484|SACO CRU 60cm x 78cm CRU|7896943200019||3|00|63029100||63||0,00||
|0200|7898955494485|TAPETE FIO TINTO 40cm X 60cm OVAL SORTIDO|7896943251479||3|00|57039000||57||0,00||
|0200|7898955494488|TAPETE DE PORTA EMBORRACHADO 40cm X 60cm SORTIDO|7896943202907||3|00|57050000||57||0,00||
|0200|7898955494490|PAPEL H. PALOMA NEUT. 30 MTS C/ 4 UN|7896026838245||3|00|48181000||48||17,00||
|0200|7898955494491|CERA LIQ. POLITRIZ INCOLOR C/ 750 ML|7896440501497||3|00|34052000||34||17,00||
|0200|7898955494492|SACO LIXO REF. RUSTICO 30 LT C/ 10 UN.|0736532000019||3|00|39232190||39||17,00||
|0200|7898955494493|CHICLE TRIDENT DIET MENTA C/ 8 GR|7895800400142||3|00|21069050||21||17,00||
|0200|7898955494495|SACO LIXO REF. RUSTICO 100 LT C/ 5 UN.|0736532000033||3|00|39232190||39||17,00||
|0200|7898955494496|SACO LIXO REF. RUSTICO 200 LT C/ 5 UN.|0736532000040||3|00|39232190||39||17,00||
|0200|7898955494497|CERA LIQ. POLITRIZ VERMELHA C/ 750 ML|7896440501466||3|00|34052000||34||17,00||
|0200|7898955494500|AUT. CERA PASTA POLITRIZ TRAD. C/ 200 GR|27896440500050||48|00|34053000||34||17,00||
|0200|7898955494501|CLORO MULTI-ACAO HIDROAZUL BD 10KG|7898113911329||10|00|38089419||38||17,00||
|0200|7898955494503|FLOC PLUS 2 EM 1 FR 1L CX C/ 20UN|7898113910100||8|00|28273200||28||17,00||
|0200|7898955494512|GLADE AUTOMATIC 3EM1 AP LEMB INF 269ML|7894650938959||3|00|33074900||33||17,00||
|0200|7898955494517|GARRAFA 2000 ML QUADRADA NOVA|SEM GTIN||3|00|39233090||39||17,00||
|0200|7898955494520|ESCOVAO+CABO CRU GROSSO 1,50M|7896104038048||3|00|96039000||96||17,00||
|0200|7898955494526|ESCOVA SANITARIA C/12|7898236690248||77|00|96039000||96||17,00||
|0200|7898955494527|ESCOVA SANITARIA C/ ESTOJO C/12|7898236690255||77|00|96039000||96||17,00||
|0200|7898955494534|BALDE 15 LTS REFORCADO|7897649766151||3|00|39249000||39||17,00||
|0200|7898955494537|PAPEL H. DUETTO F/D NT. 30 MTS C/ 4 UN|7896026850148||3|00|48181000||48||17,00||
|0200|7898955494538|PEDRA SANIT. POLITRIZ [CX MIXTA] C/25GR|17896440502187||3|00|38085910||38||17,00||
|0200|7898955494539|PAPEL H. DUETTO F/D-VELVET30 MTSC/12UN|7896026800990||3|00|48181000||48||17,00||
|0200|7898955494540|PAPEL H. DUETTO F/D-VELVET30 MTSC/ 4UN|7896026801096||3|00|48181000||48||17,00||
|0200|7898955494542|PAPEL H. DUETTO F/D NT. 30 MTSC/ 12 UN|7896026800709||3|00|48181000||48||17,00||
|0200|7898955494547|CHICLE TRIDENT DIET MORANGO C/ 8 GR|7895800400180||3|00|21069050||21||17,00||
|0200|7898955494548|AUT. BRILHA PNEU POLITRIZ C/ 500 ML|17896440500879||48|00|34059000||34||17,00||
|0200|7898955494552|PAPEL HIGIENICO INSTIT. IBOPEL SOFT - 8 ROLOS 09CMX300M|7898967514233||11|00|48181000||48||17,00|2004200|
|0200|7898955494553|PAPEL TOALHA INTERFOLHAS - 100% CELULOSE - 2 DOBRAS 20X20 PCT 1.000 FLS - IBOPEL|7898967514097||73|00|48182000||48||17,00|2802400|
|0200|7898955494556|SACO LIXO REF. RUSTICO 50 LT C/ 10 UN.|0736532000026||3|00|39232190||39||17,00||
|0200|7898955494557|LIMPADOR PERF.CASAFLOR-ORQ.NEGR C/1,75LT|7896440500117||3|00|34029031||34||17,00||
|0200|7898955494566|DET.PO OMO L.PERFEITA SCO|17891150064598||910|00|34025000||34||17,00|1100400|
|0200|7898955494577|Lava Roupa Po G. Sol Sache. 10 KG Azul|7896404607449||3|00|34025000||34||17,00|1100400|
|0200|7898955494578|Lava Roupa Po G. Sol Sache. 10 KG Hipoalergenico|7896404607609||3|00|34025000||34||17,00|1100400|
|0200|7898955494580|Lava Roupa Po G. Sol Sache 0800 X 25 Rosa|7896404607692||11|00|34025000||34||17,00|1100400|
|0200|7898955494581|Amaciante Concentrado G. Sol 1000 X 12 Coco Baunilha|7896404605810||48|00|38099190||38||17,00|1100800|
|0200|7898955494582|Amaciante Concentrado G. Sol 1000 X 12 Hipoalergenico|7896404607265||48|00|38099190||38||17,00|1100800|
|0200|7898955494584|Lava Roupa Po G. Sol Sache 4 KG X 5 Rosa|7896404607722||11|00|34025000||34||17,00|1100400|
|0200|7898955494585|Lava Roupa Po G. Sol Sache 1,6 KG X 12 Rosa|7896404607623||11|00|34025000||34||17,00|1100400|
|0200|7898955494588|Limpador Perfumado G. Sol 1000 X 12 Suave Magia|7896404605025||48|00|34025000||34||17,00|1100700|
|0200|7898955494589|Lava Roupa Po G. Sol Sache 4 KG X 5 Azul|7896404607708||11|00|34025000||34||17,00|1100400|
|0200|7898955494590|Lava Roupa Po G. Sol Sache. 10 KG Rosa|7896404607456||3|00|34025000||34||17,00|1100400|
|0200|7898955494613|FIBRA LIMP USO GERAL 102X260 1X10X10|7898509281180||7|00|68053090||68||17,00||
|0200|7898955494616|MOP SEKITO PEQUENO PVA TROCA RAPIDA 1X6|7898509283795||7|00|96039000||96||17,00||
|0200|7898955494626|LUSTRA MOVEIS CASAFLOR FLORAL C/ 220 ML|17896440500855||48|00|34052000||34||17,00||
|0200|7898955494628|LUSTRA MOVEIS CASAFLOR LAVANDA C/ 220 ML|17896440504556||48|00|34052000||34||17,00||
|0200|7898955494629|DIFUSOR PREMIUM 300 ML - CEREJA NEGRA E AVELA|7898343702872||156|00|33029019||33||17,00||
|0200|7898955494636|DROPS HALLS EXTRA FORTE C/ 28 GR|7622210878946||3|00|17049020||17||17,00||
|0200|7898955494638|PANO DE PRATO ATOALHADO 49X70|7898907779562||3|00|63026000||63||17,00||
|0200|7898955494639|AVENTAL FRIGORIFICO|7898907778428||3|00|63029300||63||17,00||
|0200|7898955494642|SACO LISTRADAO 58X78|7898907779067||3|00|63071000||63||17,00||
|0200|7898955494647|POTE EM PE -BRANCO- ALTO -PADRAO1KG GRAVADO|SEM GTIN||87|00|39239090||39||17,00|2803700|
|0200|7898955494707|PERFECT MOP PRO - 380898 - MOP GIRATORIO PRO|17898951048055||3|00|96039000||96||0,00||
|0200|7898955494713|PANO DE PRATO COMUM|7898907777063||3|00|63071000||63||0,00||
|0200|7898955494714|CORANTE ROUPA PRETO|7891988000273||3|00|32041400||32||0,00||
|0200|7898955494715|RASTELO PARA JARDIM 23 DENTES|SEM GTIN||7|00|96039000||96||0,00||
|0200|7898955494717|CORANTE LIQ. P/ CERA PRETO 3X C/ 50 ML|7896527700058||3|00|32041100||32||0,00||
|0200|7898955494725|SACO XADREZ ALVEJADO|7898232692338||3|00|63071000||63||0,00||
|0200|7898955494750|DIFUSOR PRESENTE TROPICALIA 350ML - FLAMINGO E HIBISCO|7898343703589||843|00|33029019||33||0,00||
|0200|7898955494753|RAID 45 NOITES AP OFERTA ESP 32.9ML|7894650013281||3|00|38089119||38||0,00||
|0200|7898955494785|RODINHO P/PIA 13cm|7896042029771||3|00|39249000||39||0,00||
|0200|7898955494791|SACO LIXO MACHADO 200 LITROS 5 X 01|SEM GTIN||73|00|39232990||39||0,00|1500400|
|0200|7898955494794|SACO LIXO MACHADO 100 LITROS 05X01 Ref:SACO LIXO MACHADO 1|SEM GTIN||16|00|39232990||39||0,00|1101200|
|0200|7898955494814|CASAFLOR LIMPADOR PERF PASSION 1L|7896440504047||3|00|34029031||34||0,00|2806300|
|0200|7898955494836|AGUA DE PASSAR 500 ML - SOFT|7898343705811||257|00|33029019||33||0,00||
|0200|83132|LIMP.PERF.CONC.COALA CEREJA E AVELA|17897744503832||910|00|34029029||34||0,00|1100700|
|0200|BOMB.0200H|BOMBONA 200 LITROS H|SEM GTIN||3|00|39233090||39||0,00||
|0200|DPN000103740082|AMINOX MI 30|SEM GTIN||10|00|34024900||34||0,00|1100700|
|0200|I.2209.150.37|SOLUCAO FORMALDEIDO FE37% N.ONU 2209 - N. DE RISCO: 80 - GRUPO EMBAL: III|SEM GTIN||10|00|29121100||29||0,00|2806300|
|0200|PROD.0011|HIPOCLORITO DE SODIO|SEM GTIN||10|00|28289011||28||0,00||
|0200|PS0840-0040|ESCOVA CURVA - 150X400MM|7898714753618||7|00|96032900||96||0,00|2802700|
|0200|PS0850-0040|PENEIRA PLASTICA 510X280MM|7898714753632||7|00|96040000||96||0,00|2804000|
|0200|PS0852-0040|PENEIRA PELICANO|7898714753694||7|00|96040000||96||0,00|2804000|
|0200|PS0860-0040|CLORADOR MARGARIDA|7898714753601||7|00|39259090||39||0,00|1001600|
|0200|SP2735AZ|ROLO TECIDO NAO TECIDO AZ 300MX0,27M 35G|7908057011938||7|00|56039220||56||17,00||
|0400|100|COMPRA DE MERCADORIA A VISTA|
|0400|104|COMPRA DE MERC. C/ ST A PRAZO|
|0400|113|COMPRA P/ INDUSTRIALIZAÇÃO A PRAZO|
|0400|116|COMPRA P/ INDUSTRIALIZAÇÃO C/ ST A PRAZO|
|0400|121|BONIFICAÇÃO E BRINDE A VISTA|
|0400|151|ENTRADA REMESSA DE BEM PARA CONSERTO|
|0400|154|ENTRADA TRANSFERENCIA DE MERCADORIA|
|0450|1|Declaro que os produtos perigosos estao adequadamente classificados, embalados, identificados, estivados para suportar os riscos das operacoes de transporte e que atendem as exigencias da regulamentacao.|
|0450|2|- (*) - - DECLARO QUE OS PRODUTOS PERIGOSOS ESTAO ADEQUADAMENTE CLASSIFICADOS, EMBALADOS, IDENTIFICADOS E ESTIVADOS PARA SUPORTAR OS RISCOS DAS OPERACOES DE TRANSPORTE E QUE ATENDEM AS EXIGENCIAS DA REGULAMENTACAO: NOSSA LICENCA N 2020-00533961. ATRASO OU|
|0450|3|ICMS RECOLHIDO POR SUBSTITUICAO TRIBUTARIA CONF ART. 449 DO RICMS MT COMBINADO COM A PORTARIA 195/2019. EMPRESA OPTANTE PELO SIMPLES NACIONAL.|
|0450|4|ICMS EXC DA BC DE PIS/COF MAND DE SEG NR 5025070-8.2015.4.04.7200/SC LUVA NITR E LATEX ALIQ ZERO DE PIS E COF CFE DEC 6.426/2008 ANEXO III RED 50% MVA SN RICMS-PR ANEXO X ART.15 - PEDIDO EMBRAST: 175.1140 - CLIENTE: 59688 - TEMPUS - IND. E COM. DE PRODUTO|
|0450|5|DECLARO QUE OS PRODUTOS PERIGOSOS ESTAO ADEQUADAMENTE CLASSIFICADOS, EMBALADOS, IDENTIFICADOS, E ESTIVADOS PARA SUPORTAR OS RISCOS DAS OPERACOES DE TRANSPORTE E QUE ATENDEM AS EXIGENCIAS DA REGULAMENTACAO.|
|0460|1|00027 - MATRIZ|
|0460|10|Trib aprox R$: 4,06 Federal e 5,30 Estadual|
|0460|11|00347 - ORIVALDO REAMI|
|0460|12|Trib aprox R$: 8,66 Federal e 28,30 Estadual|
|0460|13|00522 - TERRA PREMIUM CAMPO VERDE|
|0460|14|Trib aprox R$: 29,28 Federal e 53,08 Estadual|
|0460|15|00836 - HOTEL BELLAGIO|
|0460|16|Trib aprox R$: 9,88 Federal e 17,43 Estadual|
|0460|17|00132 - INCOFIBRAS INDUSTRIA E COMERCIO DE ALGODAO LTDA|
|0460|18|Trib aprox R$: 39,81 Federal e 77,69 Estadual|
|0460|19|Trib aprox R$: 151,80 Federal e 304,14 Estadual|
|0460|2|Trib aprox R$: 18,40 Federal e 18,10 Estadual|
|0460|20|00845 - UNIAO CENTER CAR|
|0460|21|Trib aprox R$: 58,58 Federal e 163,22 Estadual|
|0460|22|00932 - VET CLIN|
|0460|23|Trib aprox R$: 27,02 Federal e 62,39 Estadual|
|0460|24|01054 - FAZENDA PONTE ALTA|
|0460|25|Trib aprox R$: 27,87 Federal e 32,23 Estadual|
|0460|26|01222 - DMG SERRALHEIRIA E VIDRACARIA|
|0460|27|Trib aprox R$: 25,56 Federal e 59,45 Estadual|
|0460|28|01622 - FAZENDA DIAMANTE|
|0460|29|Trib aprox R$: 41,71 Federal e 89,14 Estadual|
|0460|3|Trib aprox R$: 26,07 Federal e 43,70 Estadual|
|0460|30|01056 - NASCIMENTO E CINTO LTDA|
|0460|31|Trib aprox R$: 63,55 Federal e 100,33 Estadual|
|0460|32|01538 - TRACOS MOURA|
|0460|33|Trib aprox R$: 57,71 Federal e 112,63 Estadual|
|0460|34|01727 - FAZ SAO JOSE II|
|0460|35|Trib aprox R$: 22,69 Federal e 40,62 Estadual|
|0460|36|01885 - HORTA VIVA|
|0460|37|Trib aprox R$: 17,64 Federal e 43,47 Estadual|
|0460|38|01918 - POSTO OMEGA II LTDA|
|0460|39|Trib aprox R$: 32,16 Federal e 70,04 Estadual|
|0460|4|00268 - FABIANO FERRAMENTAS LTDA  ME|
|0460|40|01979 - GT SOLUCOES LOGISTICAS S/A|
|0460|41|Trib aprox R$: 54,12 Federal e 95,96 Estadual|
|0460|42|00993 - PAULO ROGERIO DINES ROQUE|
|0460|43|Trib aprox R$: 8,34 Federal e 30,24 Estadual|
|0460|44|01520 - MECANICA CAMPO VERDE|
|0460|45|Trib aprox R$: 12,64 Federal e 26,11 Estadual|
|0460|46|Totais De Tributos Conforme Disposto Na LEI Nr. 12.741/2012 ICMS 37.50 PIS 3.48 COFINS 16.07 CSLL 5.79 IRPJ 6.43 Total 69.27|
|0460|47|05050368510001080501202403472334370000083151|
|0460|48|Totais De Tributos Conforme Disposto Na LEI Nr. 12.741/2012 ICMS 13.84 PIS 1.29 COFINS 5.93 CSLL 2.14 IRPJ 2.37 Total 25.56|
|0460|49|20945755000176|
|0460|5|Trib aprox R$: 69,83 Federal e 193,97 Estadual|
|0460|50|CONTRIBUINTE AUTORIZADO A EFETUAR O PAGAMENTO DO IMPOSTO NO PRAZO PREVISTO NO RICMS, APENDICE III, SECAO I, ITEM III, CONFORME CONCESSAO NUMERO 0540146123.|
|0460|51|COTACAO COM FRETE FIXADO|
|0460|52|CST: 00 - Apolice seguro: 027982023010654001489 - Seguradora: 14868712000131 AKAD SEGUROS S.A.|
|0460|53|TABELA: COTACAO  - ROTA: POAP/CBAR - TARIF: 040 - TIPO MERCAD: DIVERSOS|
|0460|54|Transporte subcontratado/redespachado para ALT BRASIL TRANSPORTES, CNPJ 16.903.492/0001-65, IE: 134663179.|
|0460|55|Tratamento de dados pessoais pode ser dado para execucao de contrato de transporte (LGPD art. 7, V).|
|0460|56|Totais De Tributos Conforme Disposto Na LEI Nr. 12.741/2012 ICMS 156.69 PIS 14.55 COFINS 67.16 CSLL 24.18 IRPJ 26.86 Total 289.43|
|0460|57|Totais De Tributos Conforme Disposto Na LEI Nr. 12.741/2012 ICMS 12.59 PIS 1.17 COFINS 5.39 CSLL 1.94 IRPJ 2.16 Total 23.25|
|0460|58|33070814001042|
|0460|59|CST: 000 - Apolice seguro: 30.54.0016855.28 - Seguradora: 03502099000118 CHUBB BRASIL SEGUROS|
|0460|6|00300 - ALEXANDRE PEDRO SCHENKEL E OUTRO|
|0460|60|TABELA: COTACAO NG22814915 - ROTA: CPVP/BHZI - TARIF: 120 - TIPO MERCAD: MERCADORIA. Conferente: ANDERSON MARCELINO DE FRANCA|
|0460|61|Totais De Tributos Conforme Disposto Na LEI Nr. 12.741/2012 ICMS 55.61 PIS 5.16 COFINS 23.83 CSLL 8.58 IRPJ 9.53 Total 102.72|
|0460|62|Totais De Tributos Conforme Disposto Na LEI Nr. 12.741/2012 ICMS 24.28 PIS 2.25 COFINS 10.41 CSLL 3.75 IRPJ 4.16 Total 44.85|
|0460|63|206|
|0460|64|CST: 051 - Apolice seguro: 30.54.0016855.28 - Seguradora: 03502099000118 CHUBB SEGUROS BRASIL|
|0460|65|DIFERIMENTO CONF ART. 37 RICMS/MT, INCISO XIII|
|0460|66|TABELA: PERCENTUAL RE28083749 - ROTA: CGBP/CPVP - TARIF: 010 - TIPO MERCAD: MERCADORIA. Conferente: VICTOR GUSTAVO MATIAS DA SILVA|
|0460|67|05877639000173|
|0460|68|CST: 51 - Apolice seguro: 0654.17.331-9 - Seguradora: 61198164000160 PORTO SEGURO|
|0460|69|TABELA: PERCENTUAL RE1417496 - ROTA: CBAP/CVEP - TARIF: 010 - TIPO MERCAD: VARIADOS|
|0460|7|Trib aprox R$: 12,47 Federal e 24,37 Estadual|
|0460|70|TRIBUTACAO: 16,06, LEI 12.741/2012 FONTE IBTP - APOS VENCIDO MULTA 10 E JUROS 1 AO MES|
|0460|71|CST: 051 - Apolice seguro: 30.54.0016855.28 - Seguradora: 03502099000118 CHUBB BRASIL SEGUROS|
|0460|72|TABELA: PERCENTUAL RE28083655 - ROTA: CPVP/LRVP - TARIF: 040 - TIPO MERCAD: MERCADORIA. Conferente: ANDERSON MARCELINO DE FRANCA|
|0460|73|Totais De Tributos Conforme Disposto Na LEI Nr. 12.741/2012 ICMS 28.71 PIS 2.67 COFINS 12.30 CSLL 4.43 IRPJ 4.92 Total 53.03|
|0460|74|Totais De Tributos Conforme Disposto Na LEI Nr. 12.741/2012 ICMS 20.63 PIS 1.92 COFINS 8.84 CSLL 3.18 IRPJ 3.54 Total 38.11|
|0460|75|DIM VOLUMES(01): 0,13x0,6x0,6x128|
|0460|76|TABELA: PERCENTUAL RE28083749 - ROTA: CGBP/CPVP - TARIF: 010 - TIPO MERCAD: MERCADORIA. Conferente: ELTON TORRES COSTA|
|0460|77|65 99677-1686|
|0460|78|TABELA: PERCENTUAL RE28083630 - ROTA: CPVP/CGBP - TARIF: 010 - TIPO MERCAD: MERCADORIA. Conferente: ANDERSON MARCELINO DE FRANCA|
|0460|79|Totais De Tributos Conforme Disposto Na LEI Nr. 12.741/2012 ICMS 63.73 PIS 5.92 COFINS 27.32 CSLL 9.83 IRPJ 10.93 Total 117.72|
|0460|8|Trib aprox R$: 14,25 Federal e 34,20 Estadual|
|0460|80|Totais De Tributos Conforme Disposto Na LEI Nr. 12.741/2012 ICMS 94.42 PIS 8.77 COFINS 40.46 CSLL 14.57 IRPJ 16.19 Total 174.41|
|0460|81|TABELA: COTACAO  - ROTA: CVEP/CBAP - TARIF: 010 - TIPO MERCAD: VARIADOS|
|0460|82|Totais De Tributos Conforme Disposto Na LEI Nr. 12.741/2012 ICMS 272.30 PIS 25.28 COFINS 116.70 CSLL 42.01 IRPJ 46.68 Total 502.97|
|0460|83|TABELA: PERCENTUAL RE28083659 - ROTA: CPVP/MDTP - TARIF: 040 - TIPO MERCAD: MERCADORIA. Conferente: ANDERSON MARCELINO DE FRANCA|
|0460|9|00398 - CHALE PRE MOLDADOS|
|0990|751|
|B001|1|
|B990|2|
|C001|0|
|C100|0|1|FOR000000070|55|00|001|289530|51240137456910000193550010002895301005426947|09012024|09012024|2228,16|1|0,00|0,00|2228,16|0|0,00|0,00|0,00|2118,96|360,22|0,00|0,00|0,00|0,00|0,00|0,00|0,00|
|C170|1|7898955494526||2,0000|77|98,40|0,00|0|000|1102|100|98,40|17,00|16,73|0,00|0,00|0,00|0|49||0,00|0,00|0,00||0,00|0,0000|0,000|0,0000|0,00||0,00|0,0000|0,000|0,0000|0,00|55|0,00|
|C170|2|7898955494276||24,0000|3|153,36|0,00|0|000|1102|100|153,36|17,00|26,07|0,00|0,00|0,00|0|49||0,00|0,00|0,00||0,00|0,0000|0,000|0,0000|0,00||0,00|0,0000|0,000|0,0000|0,00|55|0,00|
|C170|3|7897924000147||24,0000|3|153,36|0,00|0|000|1102|100|153,36|17,00|26,07|0,00|0,00|0,00|0|49||0,00|0,00|0,00||0,00|0,0000|0,000|0,0000|0,00||0,00|0,0000|0,000|0,0000|0,00|55|0,00|
|C170|4|7897924400183||48,0000|3|306,72|0,00|0|000|1102|100|306,72|17,00|52,14|0,00|0,00|0,00|0|49||0,00|0,00|0,00||0,00|0,0000|0,000|0,0000|0,00||0,00|0,0000|0,000|0,0000|0,00|55|0,00|
|C170|5|7897924400176||24,0000|3|153,36|0,00|0|000|1102|100|153,36|17,00|26,07|0,00|0,00|0,00|0|49||0,00|0,00|0,00||0,00|0,0000|0,000|0,0000|0,00||0,00|0,0000|0,000|0,0000|0,00|55|0,00|
|C170|6|7897924334914||24,0000|3|153,36|0,00|0|000|1102|100|153,36|17,00|26,07|0,00|0,00|0,00|0|49||0,00|0,00|0,00||0,00|0,0000|0,000|0,0000|0,00||0,00|0,0000|0,000|0,0000|0,00|55|0,00|
|C170|7|7898955494258||24,0000|3|140,40|0,00|0|000|1102|100|140,40|17,00|23,87|0,00|0,00|0,00|0|49||0,00|0,00|0,00||0,00|0,0000|0,000|0,0000|0,00||0,00|0,0000|0,000|0,0000|0,00|55|0,00|
|C170|8|7898955494401||24,0000|3|109,20|0,00|0|060|1403|104|0,00|0,00|0,00|0,00|0,00|0,00|0|49||0,00|0,00|0,00||0,00|0,0000|0,000|0,0000|0,00||0,00|0,0000|0,000|0,0000|0,00|55|0,00|
|C170|9|7898955494321||120,0000|3|960,00|0,00|0|000|1102|100|960,00|17,00|163,20|0,00|0,00|0,00|0|49||0,00|0,00|0,00||0,00|0,0000|0,000|0,0000|0,00||0,00|0,0000|0,000|0,0000|0,00|55|0,00|
|C190|000|1102|17,00|2118,96|2118,96|360,22|0,00|0,00|0,00|0,00||
|C190|060|1403|0,00|109,20|0,00|0,00|0,00|0,00|0,00|0,00||
|C100|0|1|FOR000000070|55|00|001|289789|51240137456910000193550010002897891005458006|23012024|23012024|3930,84|1|0,00|0,00|3930,84|0|0,00|0,00|0,00|3930,84|668,24|0,00|0,00|0,00|0,00|0,00|0,00|0,00|
|C170|1|7898955494261||2,0000|77|74,40|0,00|0|000|1102|100|74,40|17,00|12,65|0,00|0,00|0,00|0|49||0,00|0,00|0,00||0,00|0,0000|0,000|0,0000|0,00||0,00|0,0000|0,000|0,0000|0,00|55|0,00|
|C170|2|7898955494527||4,0000|77|324,00|0,00|0|000|1102|100|324,00|17,00|55,08|0,00|0,00|0,00|0|49||0,00|0,00|0,00||0,00|0,0000|0,000|0,0000|0,00||0,00|0,0000|0,000|0,0000|0,00|55|0,00|
|C170|3|7898955494260||24,0000|3|153,36|0,00|0|000|1102|100|153,36|17,00|26,07|0,00|0,00|0,00|0|49||0,00|0,00|0,00||0,00|0,0000|0,000|0,0000|0,00||0,00|0,0000|0,000|0,0000|0,00|55|0,00|
|C170|4|7898955494276||24,0000|3|153,36|0,00|0|000|1102|100|153,36|17,00|26,07|0,00|0,00|0,00|0|49||0,00|0,00|0,00||0,00|0,0000|0,000|0,0000|0,00||0,00|0,0000|0,000|0,0000|0,00|55|0,00|
|C170|5|7897924020213||24,0000|3|153,36|0,00|0|000|1102|100|153,36|17,00|26,07|0,00|0,00|0,00|0|49||0,00|0,00|0,00||0,00|0,0000|0,000|0,0000|0,00||0,00|0,0000|0,000|0,0000|0,00|55|0,00|
|C170|6|7898955494259||24,0000|3|153,36|0,00|0|000|1102|100|153,36|17,00|26,07|0,00|0,00|0,00|0|49||0,00|0,00|0,00||0,00|0,0000|0,000|0,0000|0,00||0,00|0,0000|0,000|0,0000|0,00|55|0,00|
|C170|7|7898955494257||60,0000|3|711,00|0,00|0|000|1102|100|711,00|17,00|120,87|0,00|0,00|0,00|0|49||0,00|0,00|0,00||0,00|0,0000|0,000|0,0000|0,00||0,00|0,0000|0,000|0,0000|0,00|55|0,00|
|C170|8|7898955494321||60,0000|3|480,00|0,00|0|000|1102|100|480,00|17,00|81,60|0,00|0,00|0,00|0|49||0,00|0,00|0,00||0,00|0,0000|0,000|0,0000|0,00||0,00|0,0000|0,000|0,0000|0,00|55|0,00|
|C170|9|7898955494246||60,0000|3|810,00|0,00|0|000|1102|100|810,00|17,00|137,70|0,00|0,00|0,00|0|49||0,00|0,00|0,00||0,00|0,0000|0,000|0,0000|0,00||0,00|0,0000|0,000|0,0000|0,00|55|0,00|
|C170|10|7898955494245||120,0000|3|918,00|0,00|0|000|1102|100|918,00|17,00|156,06|0,00|0,00|0,00|0|49||0,00|0,00|0,00||0,00|0,0000|0,000|0,0000|0,00||0,00|0,0000|0,000|0,0000|0,00|55|0,00|
|C190|000|1102|17,00|3930,84|3930,84|668,24|0,00|0,00|0,00|0,00||
|C100|0|1|FOR000000089|55|00|001|9153|51240113821898000100550010000091531512096492|10012024|10012024|16106,00|1|0,00|0,00|16106,00|1|0,00|0,00|0,00|0,00|0,00|0,00|0,00|0,00|0,00|0,00|0,00|0,00|
|C170|1|7898955494432||5400,0000|3|12960,00|0,00|0|102|1102|100|0,00|0,00|0,00|0,00|0,00|0,00|0|49||0,00|0,00|0,00||0,00|0,0000|0,000|0,0000|0,00||0,00|0,0000|0,000|0,0000|0,00|55|0,00|
|C170|2|7898955494517||2860,0000|3|3146,00|0,00|0|102|1102|100|0,00|0,00|0,00|0,00|0,00|0,00|0|49||0,00|0,00|0,00||0,00|0,0000|0,000|0,0000|0,00||0,00|0,0000|0,000|0,0000|0,00|55|0,00|
|C190|102|1102|0,00|16106,00|0,00|0,00|0,00|0,00|0,00|0,00||
|C100|0|1|FOR000000095|55|00|002|113148|35240143588060000180550020001131481795654328|11012024|11012024|1809,34|1|0,00|0,00|1809,34|1|0,00|0,00|0,00|1809,34|72,37|0,00|0,00|0,00|0,00|0,00|0,00|0,00|
|C170|1|01ISOPR1002||157,0000|10|1809,34|0,00|0|200|2102|100|1809,34|4,00|72,37|0,00|0,00|0,00|0|49||0,00|0,00|0,00||0,00|0,0000|0,000|0,0000|0,00||0,00|0,0000|0,000|0,0000|0,00|55|0,00|
|C190|200|2102|4,00|1809,34|1809,34|72,37|0,00|0,00|0,00|0,00||
|C100|0|1|FOR000000095|55|00|002|113557|35240143588060000180550020001135571168145639|25012024|25012024|8620,00|1|0,00|0,00|8620,00|1|0,00|0,00|0,00|8620,00|603,40|0,00|0,00|0,00|0,00|0,00|0,00|0,00|
|C170|1|01ALC965010||1620,0000|10|8620,00|0,00|0|000|2102|100|8620,00|7,00|603,40|0,00|0,00|0,00|0|49||0,00|0,00|0,00||0,00|0,0000|0,000|0,0000|0,00||0,00|0,0000|0,000|0,0000|0,00|55|0,00|
|C190|000|2102|7,00|8620,00|8620,00|603,40|0,00|0,00|0,00|0,00||
|C100|0|1|FOR000000112|55|00|001|126529|35240153235180000157550010001265291766387381|04012024|04012024|5457,14|1|0,00|0,00|5285,37|0|0,00|0,00|0,00|5285,37|369,98|0,00|0,00|0,00|0,00|0,00|0,00|0,00|
|C110|1||
|C170|1|DPN000103740082||200,0000|10|1761,79|0,00|0|000|2101|113|1761,79|7,00|123,33|0,00|0,00|0,00|0|00||0,00|0,00|0,00||0,00|0,0000|0,000|0,0000|0,00||0,00|0,0000|0,000|0,0000|0,00|64|0,00|
|C170|2|DPN000103740082||400,0000|10|3523,58|0,00|0|000|2101|113|3523,58|7,00|246,65|0,00|0,00|0,00|0|00||0,00|0,00|0,00||0,00|0,0000|0,000|0,0000|0,00||0,00|0,0000|0,000|0,0000|0,00|64|0,00|
|C190|000|2101|7,00|5457,14|5285,37|369,98|0,00|0,00|0,00|0,00||
|C100|0|1|FOR000000166|55|00|001|133291|51240111091785000171550010001332911002132964|15012024|15012024|500,00|1|0,00|0,00|500,00|1|0,00|0,00|0,00|500,00|85,00|0,00|0,00|0,00|0,00|0,00|0,00|0,00|
|C170|1|3615||50,0000|73|500,00|0,00|0|000|1101|113|500,00|17,00|85,00|0,00|0,00|0,00|0|01||0,00|0,00|0,00||0,00|0,0000|0,000|0,0000|0,00||0,00|0,0000|0,000|0,0000|0,00|64|0,00|
|C190|000|1101|17,00|500,00|500,00|85,00|0,00|0,00|0,00|0,00||
|C100|0|1|FOR000000374|55|00|001|680730|43240193973329000110550010006807301022557493|11012024|11012024|19055,71|1|0,00|0,00|18653,55|0|0,00|0,00|0,00|809,19|56,64|0,00|0,00|0,00|0,00|0,00|0,00|0,00|
|C170|1|7898955494318||10,0000|48|401,19|0,00|0|010|2401|116|0,00|7,00|0,00|0,00|0,00|0,00|0|00||0,00|0,00|0,00||0,00|0,0000|0,000|0,0000|0,00||0,00|0,0000|0,000|0,0000|0,00|64|0,00|
|C170|2|7898955494316||5,0000|48|200,59|0,00|0|010|2401|116|0,00|7,00|0,00|0,00|0,00|0,00|0|00||0,00|0,00|0,00||0,00|0,0000|0,000|0,0000|0,00||0,00|0,0000|0,000|0,0000|0,00|64|0,00|
|C170|3|7898955494315||10,0000|48|401,19|0,00|0|010|2401|116|0,00|7,00|0,00|0,00|0,00|0,00|0|00||0,00|0,00|0,00||0,00|0,0000|0,000|0,0000|0,00||0,00|0,0000|0,000|0,0000|0,00|64|0,00|
|C170|4|4986||5,0000|48|203,66|0,00|0|010|2401|116|0,00|7,00|0,00|0,00|0,00|0,00|0|00||0,00|0,00|0,00||0,00|0,0000|0,000|0,0000|0,00||0,00|0,0000|0,000|0,0000|0,00|64|0,00|
|C170|5|4987||5,0000|48|203,66|0,00|0|010|2401|116|0,00|7,00|0,00|0,00|0,00|0,00|0|00||0,00|0,00|0,00||0,00|0,0000|0,000|0,0000|0,00||0,00|0,0000|0,000|0,0000|0,00|64|0,00|
|C170|6|7896404603373||5,0000|48|447,55|0,00|0|010|2401|116|0,00|7,00|0,00|0,00|0,00|0,00|0|00||0,00|0,00|0,00||0,00|0,0000|0,000|0,0000|0,00||0,00|0,0000|0,000|0,0000|0,00|64|0,00|
|C170|7|1002975||5,0000|48|683,78|0,00|0|010|2401|116|0,00|7,00|0,00|0,00|0,00|0,00|0|00||0,00|0,00|0,00||0,00|0,0000|0,000|0,0000|0,00||0,00|0,0000|0,000|0,0000|0,00|64|0,00|
|C170|8|7898955494363||5,0000|48|335,62|0,00|0|010|2401|116|0,00|7,00|0,00|0,00|0,00|0,00|0|00||0,00|0,00|0,00||0,00|0,0000|0,000|0,0000|0,00||0,00|0,0000|0,000|0,0000|0,00|64|0,00|
|C170|9|7898955494588||5,0000|48|335,62|0,00|0|010|2401|116|0,00|7,00|0,00|0,00|0,00|0,00|0|00||0,00|0,00|0,00||0,00|0,0000|0,000|0,0000|0,00||0,00|0,0000|0,000|0,0000|0,00|64|0,00|
|C170|10|7898955494314||10,0000|48|809,19|0,00|0|000|2102|100|809,19|7,00|56,64|0,00|0,00|0,00|0|49||0,00|0,00|0,00||0,00|0,0000|0,000|0,0000|0,00||0,00|0,0000|0,000|0,0000|0,00|55|0,00|
|C170|11|7898955494580||5,0000|11|709,25|0,00|0|010|2401|116|0,00|7,00|0,00|0,00|0,00|0,00|0|00||0,00|0,00|0,00||0,00|0,0000|0,000|0,0000|0,00||0,00|0,0000|0,000|0,0000|0,00|64|0,00|
|C170|12|7898955494585||5,0000|11|638,60|0,00|0|010|2401|116|0,00|7,00|0,00|0,00|0,00|0,00|0|00||0,00|0,00|0,00||0,00|0,0000|0,000|0,0000|0,00||0,00|0,0000|0,000|0,0000|0,00|64|0,00|
|C170|13|1018184||5,0000|11|532,15|0,00|0|010|2401|116|0,00|7,00|0,00|0,00|0,00|0,00|0|00||0,00|0,00|0,00||0,00|0,0000|0,000|0,0000|0,00||0,00|0,0000|0,000|0,0000|0,00|64|0,00|
|C170|14|7898955494589||5,0000|11|593,68|0,00|0|010|2401|116|0,00|7,00|0,00|0,00|0,00|0,00|0|00||0,00|0,00|0,00||0,00|0,0000|0,000|0,0000|0,00||0,00|0,0000|0,000|0,0000|0,00|64|0,00|
|C170|15|7898955494584||10,0000|11|1187,39|0,00|0|010|2401|116|0,00|7,00|0,00|0,00|0,00|0,00|0|00||0,00|0,00|0,00||0,00|0,0000|0,000|0,0000|0,00||0,00|0,0000|0,000|0,0000|0,00|64|0,00|
|C170|16|7898955494577||20,0000|3|1200,59|0,00|0|010|2401|116|0,00|7,00|0,00|0,00|0,00|0,00|0|00||0,00|0,00|0,00||0,00|0,0000|0,000|0,0000|0,00||0,00|0,0000|0,000|0,0000|0,00|64|0,00|
|C170|17|7898955494578||10,0000|3|600,29|0,00|0|010|2401|116|0,00|7,00|0,00|0,00|0,00|0,00|0|00||0,00|0,00|0,00||0,00|0,0000|0,000|0,0000|0,00||0,00|0,0000|0,000|0,0000|0,00|64|0,00|
|C170|18|7898955494590||30,0000|3|1800,88|0,00|0|010|2401|116|0,00|7,00|0,00|0,00|0,00|0,00|0|00||0,00|0,00|0,00||0,00|0,0000|0,000|0,0000|0,00||0,00|0,0000|0,000|0,0000|0,00|64|0,00|
|C170|19|1002428||5,0000|48|781,86|0,00|0|010|2401|116|0,00|7,00|0,00|0,00|0,00|0,00|0|49||0,00|0,00|0,00||0,00|0,0000|0,000|0,0000|0,00||0,00|0,0000|0,000|0,0000|0,00|64|0,00|
|C170|20|7898955494581||5,0000|48|781,86|0,00|0|010|2401|116|0,00|7,00|0,00|0,00|0,00|0,00|0|49||0,00|0,00|0,00||0,00|0,0000|0,000|0,0000|0,00||0,00|0,0000|0,000|0,0000|0,00|64|0,00|
|C170|21|7898955494582||5,0000|48|781,86|0,00|0|010|2401|116|0,00|7,00|0,00|0,00|0,00|0,00|0|49||0,00|0,00|0,00||0,00|0,0000|0,000|0,0000|0,00||0,00|0,0000|0,000|0,0000|0,00|64|0,00|
|C170|22|1003745||5,0000|48|781,86|0,00|0|010|2401|116|0,00|7,00|0,00|0,00|0,00|0,00|0|49||0,00|0,00|0,00||0,00|0,0000|0,000|0,0000|0,00||0,00|0,0000|0,000|0,0000|0,00|64|0,00|
|C170|23|1005322||5,0000|48|174,92|0,00|0|010|2401|116|0,00|7,00|0,00|0,00|0,00|0,00|0|00||0,00|0,00|0,00||0,00|0,0000|0,000|0,0000|0,00||0,00|0,0000|0,000|0,0000|0,00|64|0,00|
|C170|24|1005323||5,0000|48|174,92|0,00|0|010|2401|116|0,00|7,00|0,00|0,00|0,00|0,00|0|00||0,00|0,00|0,00||0,00|0,0000|0,000|0,0000|0,00||0,00|0,0000|0,000|0,0000|0,00|64|0,00|
|C170|25|1005430||5,0000|48|667,75|0,00|0|010|2401|116|0,00|7,00|0,00|0,00|0,00|0,00|0|00||0,00|0,00|0,00||0,00|0,0000|0,000|0,0000|0,00||0,00|0,0000|0,000|0,0000|0,00|64|0,00|
|C170|26|1005431||5,0000|48|667,75|0,00|0|010|2401|116|0,00|7,00|0,00|0,00|0,00|0,00|0|00||0,00|0,00|0,00||0,00|0,0000|0,000|0,0000|0,00||0,00|0,0000|0,000|0,0000|0,00|64|0,00|
|C170|27|1005433||5,0000|48|693,37|0,00|0|010|2401|116|0,00|7,00|0,00|0,00|0,00|0,00|0|00||0,00|0,00|0,00||0,00|0,0000|0,000|0,0000|0,00||0,00|0,0000|0,000|0,0000|0,00|64|0,00|
|C170|28|1005436||5,0000|48|620,84|0,00|0|010|2401|116|0,00|7,00|0,00|0,00|0,00|0,00|0|00||0,00|0,00|0,00||0,00|0,0000|0,000|0,0000|0,00||0,00|0,0000|0,000|0,0000|0,00|64|0,00|
|C170|29|1005437||5,0000|48|620,84|0,00|0|010|2401|116|0,00|7,00|0,00|0,00|0,00|0,00|0|00||0,00|0,00|0,00||0,00|0,0000|0,000|0,0000|0,00||0,00|0,0000|0,000|0,0000|0,00|64|0,00|
|C170|30|1005438||5,0000|48|620,84|0,00|0|010|2401|116|0,00|7,00|0,00|0,00|0,00|0,00|0|00||0,00|0,00|0,00||0,00|0,0000|0,000|0,0000|0,00||0,00|0,0000|0,000|0,0000|0,00|64|0,00|
|C190|000|2102|7,00|809,19|809,19|56,64|0,00|0,00|0,00|0,00||
|C190|010|2401|7,00|18246,52|0,00|0,00|0,00|0,00|0,00|0,00||
|C100|0|1|FOR000000533|55|00|001|47906|35240117294251000129550010000479061813445208|11012024|11012024|8400,00|1|0,00|0,00|8400,00|1|0,00|0,00|0,00|8400,00|588,00|0,00|0,00|0,00|0,00|0,00|0,00|0,00|
|C110|2||
|C170|1|BOMB.0200H||12,0000|3|1800,00|0,00|0|000|2102|100|1800,00|7,00|126,00|0,00|0,00|0,00|0|49||0,00|0,00|0,00||0,00|0,0000|0,000|0,0000|0,00||0,00|0,0000|0,000|0,0000|0,00|55|0,00|
|C170|2|PROD.0011||3000,0000|10|6600,00|0,00|0|000|2102|100|6600,00|7,00|462,00|0,00|0,00|0,00|0|49||0,00|0,00|0,00||0,00|0,0000|0,000|0,0000|0,00||0,00|0,0000|0,000|0,0000|0,00|55|0,00|
|C190|000|2102|7,00|8400,00|8400,00|588,00|0,00|0,00|0,00|0,00||
|C100|0|1|FOR000000637|55|00|001|3323992|51240175315333008193550010033239921752588504|12012024|12012024|1800,41|1|0,00|0,00|1800,41|0|0,00|0,00|0,00|0,00|0,00|0,00|0,00|0,00|0,00|0,00|0,00|0,00|
|C170|1|20439||3,0000|910|641,12|0,00|0|010|1403|104|0,00|17,00|0,00|0,00|0,00|0,00|0|49||0,00|0,00|0,00||0,00|0,0000|0,000|0,0000|0,00||0,00|0,0000|0,000|0,0000|0,00|55|0,00|
|C170|2|67305||1,0000|910|260,98|0,00|0|010|1403|104|0,00|17,00|0,00|0,00|0,00|0,00|0|49||0,00|0,00|0,00||0,00|0,0000|0,000|0,0000|0,00||0,00|0,0000|0,000|0,0000|0,00|55|0,00|
|C170|3|67371||1,0000|910|260,98|0,00|0|010|1403|104|0,00|17,00|0,00|0,00|0,00|0,00|0|49||0,00|0,00|0,00||0,00|0,0000|0,000|0,0000|0,00||0,00|0,0000|0,000|0,0000|0,00|55|0,00|
|C170|4|83132||1,0000|910|260,98|0,00|0|010|1403|104|0,00|17,00|0,00|0,00|0,00|0,00|0|49||0,00|0,00|0,00||0,00|0,0000|0,000|0,0000|0,00||0,00|0,0000|0,000|0,0000|0,00|55|0,00|
|C170|5|20438||3,0000|910|376,35|0,00|0|010|1403|104|0,00|17,00|0,00|0,00|0,00|0,00|0|49||0,00|0,00|0,00||0,00|0,0000|0,000|0,0000|0,00||0,00|0,0000|0,000|0,0000|0,00|55|0,00|
|C190|010|1403|17,00|1800,41|0,00|0,00|0,00|0,00|0,00|0,00||
|C100|0|1|FOR000000637|55|00|001|3324026|51240175315333008193550010033240261752597090|12012024|12012024|629,14|1|0,00|0,00|629,14|0|0,00|0,00|0,00|0,00|0,00|0,00|0,00|0,00|0,00|0,00|0,00|0,00|
|C170|1|7898955494566||3,0000|910|629,14|0,00|0|510|1403|104|0,00|17,00|0,00|0,00|0,00|0,00|0|49||0,00|0,00|0,00||0,00|0,0000|0,000|0,0000|0,00||0,00|0,0000|0,000|0,0000|0,00|55|0,00|
|C190|510|1403|17,00|629,14|0,00|0,00|0,00|0,00|0,00|0,00||
|C100|0|1|FOR000000642|55|00|001|438109|51240100793249000100550010004381091274718210|03012024|03012024|3868,59|1|0,00|0,00|3860,79|9|0,00|0,00|7,80|957,12|162,71|0,00|0,00|0,00|0,00|0,00|0,00|0,00|
|C170|1|7898955494542||60,0000|3|968,53|0,00|0|010|1403|104|0,00|17,00|0,00|0,00|0,00|0,00|0|49||0,00|0,00|0,00||0,00|0,0000|0,000|0,0000|0,00||0,00|0,0000|0,000|0,0000|0,00|55|0,00|
|C170|2|7898955494263||60,0000|3|968,53|0,00|0|010|1403|104|0,00|17,00|0,00|0,00|0,00|0,00|0|49||0,00|0,00|0,00||0,00|0,0000|0,000|0,0000|0,00||0,00|0,0000|0,000|0,0000|0,00|55|0,00|
|C170|3|7898955494539||60,0000|3|968,53|0,00|0|010|1403|104|0,00|17,00|0,00|0,00|0,00|0,00|0|49||0,00|0,00|0,00||0,00|0,0000|0,000|0,0000|0,00||0,00|0,0000|0,000|0,0000|0,00|55|0,00|
|C170|4|7898955494538||576,0000|3|955,20|0,00|0|000|1102|100|957,12|17,00|162,71|0,00|0,00|0,00|0|49||0,00|0,00|0,00||0,00|0,0000|0,000|0,0000|0,00||0,00|0,0000|0,000|0,0000|0,00|55|0,00|
|C190|000|1102|17,00|957,12|957,12|162,71|0,00|0,00|0,00|0,00||
|C190|010|1403|17,00|2911,47|0,00|0,00|0,00|0,00|0,00|0,00||
|C100|0|1|FOR000000642|55|00|001|439452|51240100793249000100550010004394521162957761|10012024|10012024|3428,06|1|0,00|0,00|3420,26|9|0,00|0,00|7,80|166,64|28,32|0,00|0,00|0,00|0,00|0,00|0,00|0,00|
|C170|1|7898955494493||21,0000|3|41,57|0,00|0|000|1102|100|41,66|17,00|7,08|0,00|0,00|0,00|0|49||0,00|0,00|0,00||0,00|0,0000|0,000|0,0000|0,00||0,00|0,0000|0,000|0,0000|0,00|55|0,00|
|C170|2|7898955494547||42,0000|3|83,14|0,00|0|000|1102|100|83,32|17,00|14,16|0,00|0,00|0,00|0|49||0,00|0,00|0,00||0,00|0,0000|0,000|0,0000|0,00||0,00|0,0000|0,000|0,0000|0,00|55|0,00|
|C170|3|7898955494339||21,0000|3|41,57|0,00|0|000|1102|100|41,66|17,00|7,08|0,00|0,00|0,00|0|49||0,00|0,00|0,00||0,00|0,0000|0,000|0,0000|0,00||0,00|0,0000|0,000|0,0000|0,00|55|0,00|
|C170|4|7898955494247||80,0000|3|516,52|0,00|0|060|1403|104|0,00|0,00|0,00|0,00|0,00|0,00|0|49||0,00|0,00|0,00||0,00|0,0000|0,000|0,0000|0,00||0,00|0,0000|0,000|0,0000|0,00|55|0,00|
|C170|5|7898955494540||48,0000|3|281,40|0,00|0|010|1403|104|0,00|17,00|0,00|0,00|0,00|0,00|0|49||0,00|0,00|0,00||0,00|0,0000|0,000|0,0000|0,00||0,00|0,0000|0,000|0,0000|0,00|55|0,00|
|C170|6|7898955494490||320,0000|3|911,56|0,00|0|010|1403|104|0,00|17,00|0,00|0,00|0,00|0,00|0|49||0,00|0,00|0,00||0,00|0,0000|0,000|0,0000|0,00||0,00|0,0000|0,000|0,0000|0,00|55|0,00|
|C170|7|7898955494262||24,0000|3|87,71|0,00|0|010|1403|104|0,00|17,00|0,00|0,00|0,00|0,00|0|49||0,00|0,00|0,00||0,00|0,0000|0,000|0,0000|0,00||0,00|0,0000|0,000|0,0000|0,00|55|0,00|
|C170|8|7898955494492||50,0000|3|276,64|0,00|0|060|1403|104|0,00|0,00|0,00|0,00|0,00|0,00|0|49||0,00|0,00|0,00||0,00|0,0000|0,000|0,0000|0,00||0,00|0,0000|0,000|0,0000|0,00|55|0,00|
|C170|9|7898955494495||50,0000|3|327,40|0,00|0|060|1403|104|0,00|0,00|0,00|0,00|0,00|0,00|0|49||0,00|0,00|0,00||0,00|0,0000|0,000|0,0000|0,00||0,00|0,0000|0,000|0,0000|0,00|55|0,00|
|C170|10|7898955494496||100,0000|3|852,75|0,00|0|060|1403|104|0,00|0,00|0,00|0,00|0,00|0,00|0|49||0,00|0,00|0,00||0,00|0,0000|0,000|0,0000|0,00||0,00|0,0000|0,000|0,0000|0,00|55|0,00|
|C190|000|1102|17,00|166,64|166,64|28,32|0,00|0,00|0,00|0,00||
|C190|010|1403|17,00|1283,63|0,00|0,00|0,00|0,00|0,00|0,00||
|C190|060|1403|0,00|1977,79|0,00|0,00|0,00|0,00|0,00|0,00||
|C100|0|1|FOR000000642|55|00|001|440751|51240100793249000100550010004407511225281885|17012024|17012024|2206,27|1|0,00|0,00|2198,47|9|0,00|0,00|7,80|455,85|77,49|0,00|0,00|0,00|0,00|0,00|0,00|0,00|
|C170|1|7898955494497||36,0000|3|134,48|0,00|0|000|1102|100|134,95|17,00|22,94|0,00|0,00|0,00|0|49||0,00|0,00|0,00||0,00|0,0000|0,000|0,0000|0,00||0,00|0,0000|0,000|0,0000|0,00|55|0,00|
|C170|2|7898955494265||42,0000|3|83,14|0,00|0|000|1102|100|83,43|17,00|14,18|0,00|0,00|0,00|0|49||0,00|0,00|0,00||0,00|0,0000|0,000|0,0000|0,00||0,00|0,0000|0,000|0,0000|0,00|55|0,00|
|C170|3|7898955494339||21,0000|3|41,57|0,00|0|000|1102|100|41,71|17,00|7,09|0,00|0,00|0,00|0|49||0,00|0,00|0,00||0,00|0,0000|0,000|0,0000|0,00||0,00|0,0000|0,000|0,0000|0,00|55|0,00|
|C170|4|5010||21,0000|3|27,50|0,00|0|000|1102|100|27,59|17,00|4,69|0,00|0,00|0,00|0|49||0,00|0,00|0,00||0,00|0,0000|0,000|0,0000|0,00||0,00|0,0000|0,000|0,0000|0,00|55|0,00|
|C170|5|7898955494636||21,0000|3|27,50|0,00|0|000|1102|100|27,59|17,00|4,69|0,00|0,00|0,00|0|49||0,00|0,00|0,00||0,00|0,0000|0,000|0,0000|0,00||0,00|0,0000|0,000|0,0000|0,00|55|0,00|
|C170|6|7898955494626||1,0000|48|70,05|0,00|0|000|1102|100|70,29|17,00|11,95|0,00|0,00|0,00|0|49||0,00|0,00|0,00||0,00|0,0000|0,000|0,0000|0,00||0,00|0,0000|0,000|0,0000|0,00|55|0,00|
|C170|7|7898955494628||1,0000|48|70,05|0,00|0|000|1102|100|70,29|17,00|11,95|0,00|0,00|0,00|0|49||0,00|0,00|0,00||0,00|0,0000|0,000|0,0000|0,00||0,00|0,0000|0,000|0,0000|0,00|55|0,00|
|C170|8|7898955494537||32,0000|3|191,34|0,00|0|010|1403|104|0,00|17,00|0,00|0,00|0,00|0,00|0|49||0,00|0,00|0,00||0,00|0,0000|0,000|0,0000|0,00||0,00|0,0000|0,000|0,0000|0,00|55|0,00|
|C170|9|7898955494542||30,0000|3|500,12|0,00|0|010|1403|104|0,00|17,00|0,00|0,00|0,00|0,00|0|49||0,00|0,00|0,00||0,00|0,0000|0,000|0,0000|0,00||0,00|0,0000|0,000|0,0000|0,00|55|0,00|
|C170|10|7898955494263||30,0000|3|500,12|0,00|0|010|1403|104|0,00|17,00|0,00|0,00|0,00|0,00|0|49||0,00|0,00|0,00||0,00|0,0000|0,000|0,0000|0,00||0,00|0,0000|0,000|0,0000|0,00|55|0,00|
|C170|11|7898955494539||1,0000|3|16,67|0,00|0|010|1403|104|0,00|17,00|0,00|0,00|0,00|0,00|0|49||0,00|0,00|0,00||0,00|0,0000|0,000|0,0000|0,00||0,00|0,0000|0,000|0,0000|0,00|55|0,00|
|C170|12|7898955494255||40,0000|3|474,00|0,00|0|010|1403|104|0,00|17,00|0,00|0,00|0,00|0,00|0|49||0,00|0,00|0,00||0,00|0,0000|0,000|0,0000|0,00||0,00|0,0000|0,000|0,0000|0,00|55|0,00|
|C170|13|6920||1,0000|3|61,93|0,00|0|060|1403|104|0,00|0,00|0,00|0,00|0,00|0,00|0|49||0,00|0,00|0,00||0,00|0,0000|0,000|0,0000|0,00||0,00|0,0000|0,000|0,0000|0,00|55|0,00|
|C190|000|1102|17,00|455,85|455,85|77,49|0,00|0,00|0,00|0,00||
|C190|010|1403|17,00|1688,28|0,00|0,00|0,00|0,00|0,00|0,00||
|C190|060|1403|0,00|62,14|0,00|0,00|0,00|0,00|0,00|0,00||
|C100|0|1|FOR000000642|55|00|001|441916|51240100793249000100550010004419161452189668|24012024|24012024|5346,40|1|0,00|0,00|5338,60|9|0,00|0,00|7,80|1464,84|249,03|0,00|0,00|0,00|0,00|0,00|0,00|0,00|
|C170|1|7898955494500||1,0000|48|353,28|0,00|0|000|1102|100|353,79|17,00|60,14|0,00|0,00|0,00|0|49||0,00|0,00|0,00||0,00|0,0000|0,000|0,0000|0,00||0,00|0,0000|0,000|0,0000|0,00|55|0,00|
|C170|2|10100300202534||2,0000|3|19,80|0,00|0|000|1102|100|19,82|17,00|3,37|0,00|0,00|0,00|0|49||0,00|0,00|0,00||0,00|0,0000|0,000|0,0000|0,00||0,00|0,0000|0,000|0,0000|0,00|55|0,00|
|C170|3|4192||2,0000|3|19,80|0,00|0|000|1102|100|19,82|17,00|3,37|0,00|0,00|0,00|0|49||0,00|0,00|0,00||0,00|0,0000|0,000|0,0000|0,00||0,00|0,0000|0,000|0,0000|0,00|55|0,00|
|C170|4|4193||2,0000|3|19,80|0,00|0|000|1102|100|19,82|17,00|3,37|0,00|0,00|0,00|0|49||0,00|0,00|0,00||0,00|0,0000|0,000|0,0000|0,00||0,00|0,0000|0,000|0,0000|0,00|55|0,00|
|C170|5|7898955494493||21,0000|3|41,57|0,00|0|000|1102|100|41,63|17,00|7,08|0,00|0,00|0,00|0|49||0,00|0,00|0,00||0,00|0,0000|0,000|0,0000|0,00||0,00|0,0000|0,000|0,0000|0,00|55|0,00|
|C170|6|7898955494547||21,0000|3|41,57|0,00|0|000|1102|100|41,63|17,00|7,08|0,00|0,00|0,00|0|49||0,00|0,00|0,00||0,00|0,0000|0,000|0,0000|0,00||0,00|0,0000|0,000|0,0000|0,00|55|0,00|
|C170|7|7898955494247||80,0000|3|516,52|0,00|0|060|1403|104|0,00|0,00|0,00|0,00|0,00|0,00|0|49||0,00|0,00|0,00||0,00|0,0000|0,000|0,0000|0,00||0,00|0,0000|0,000|0,0000|0,00|55|0,00|
|C170|8|7898955494539||30,0000|3|491,45|0,00|0|010|1403|104|0,00|17,00|0,00|0,00|0,00|0,00|0|49||0,00|0,00|0,00||0,00|0,0000|0,000|0,0000|0,00||0,00|0,0000|0,000|0,0000|0,00|55|0,00|
|C170|9|7898955494490||480,0000|3|1367,34|0,00|0|010|1403|104|0,00|17,00|0,00|0,00|0,00|0,00|0|49||0,00|0,00|0,00||0,00|0,0000|0,000|0,0000|0,00||0,00|0,0000|0,000|0,0000|0,00|55|0,00|
|C170|10|7898955494262||36,0000|3|131,57|0,00|0|010|1403|104|0,00|17,00|0,00|0,00|0,00|0,00|0|49||0,00|0,00|0,00||0,00|0,0000|0,000|0,0000|0,00||0,00|0,0000|0,000|0,0000|0,00|55|0,00|
|C170|11|7744||60,0000|3|130,96|0,00|0|010|1403|104|0,00|17,00|0,00|0,00|0,00|0,00|0|49||0,00|0,00|0,00||0,00|0,0000|0,000|0,0000|0,00||0,00|0,0000|0,000|0,0000|0,00|55|0,00|
|C170|12|7898955494538||576,0000|3|945,60|0,00|0|000|1102|100|946,98|17,00|160,99|0,00|0,00|0,00|0|49||0,00|0,00|0,00||0,00|0,0000|0,000|0,0000|0,00||0,00|0,0000|0,000|0,0000|0,00|55|0,00|
|C170|13|7898955494228||2,0000|3|21,32|0,00|0|000|1102|100|21,35|17,00|3,63|0,00|0,00|0,00|0|49||0,00|0,00|0,00||0,00|0,0000|0,000|0,0000|0,00||0,00|0,0000|0,000|0,0000|0,00|55|0,00|
|C170|14|6920||2,0000|3|123,85|0,00|0|060|1403|104|0,00|0,00|0,00|0,00|0,00|0,00|0|49||0,00|0,00|0,00||0,00|0,0000|0,000|0,0000|0,00||0,00|0,0000|0,000|0,0000|0,00|55|0,00|
|C170|15|7898955494556||50,0000|3|360,39|0,00|0|060|1403|104|0,00|0,00|0,00|0,00|0,00|0,00|0|49||0,00|0,00|0,00||0,00|0,0000|0,000|0,0000|0,00||0,00|0,0000|0,000|0,0000|0,00|55|0,00|
|C170|16|7898955494495||50,0000|3|327,40|0,00|0|060|1403|104|0,00|0,00|0,00|0,00|0,00|0,00|0|49||0,00|0,00|0,00||0,00|0,0000|0,000|0,0000|0,00||0,00|0,0000|0,000|0,0000|0,00|55|0,00|
|C170|17|7898955494496||50,0000|3|426,38|0,00|0|060|1403|104|0,00|0,00|0,00|0,00|0,00|0,00|0|49||0,00|0,00|0,00||0,00|0,0000|0,000|0,0000|0,00||0,00|0,0000|0,000|0,0000|0,00|55|0,00|
|C190|000|1102|17,00|1464,84|1464,84|249,03|0,00|0,00|0,00|0,00||
|C190|010|1403|17,00|2124,48|0,00|0,00|0,00|0,00|0,00|0,00||
|C190|060|1403|0,00|1757,08|0,00|0,00|0,00|0,00|0,00|0,00||
|C100|0|1|FOR000000642|55|00|001|441917|51240100793249000100550010004419171121247137|24012024|24012024|355,01|1|0,00|0,00|352,41|9|0,00|0,00|2,60|355,01|60,35|0,00|0,00|0,00|0,00|0,00|0,00|0,00|
|C170|1|5912||180,0000|3|352,41|0,00|0|000|1102|100|355,01|17,00|60,35|0,00|0,00|0,00|0|49||0,00|0,00|0,00||0,00|0,0000|0,000|0,0000|0,00||0,00|0,0000|0,000|0,0000|0,00|55|0,00|
|C190|000|1102|17,00|355,01|355,01|60,35|0,00|0,00|0,00|0,00||
|C100|0|1|FOR000000642|55|00|001|443315|51240100793249000100550010004433151154191680|31012024|31012024|1816,87|1|0,00|0,00|1811,67|9|0,00|0,00|5,20|1320,84|224,54|0,00|0,00|0,00|0,00|0,00|0,00|0,00|
|C170|1|7898955494491||360,0000|3|1317,05|0,00|0|000|1102|100|1320,84|17,00|224,54|0,00|0,00|0,00|0|49||0,00|0,00|0,00||0,00|0,0000|0,000|0,0000|0,00||0,00|0,0000|0,000|0,0000|0,00|55|0,00|
|C170|2|7898955494263||30,0000|3|494,62|0,00|0|010|1403|104|0,00|17,00|0,00|0,00|0,00|0,00|0|49||0,00|0,00|0,00||0,00|0,0000|0,000|0,0000|0,00||0,00|0,0000|0,000|0,0000|0,00|55|0,00|
|C190|000|1102|17,00|1320,84|1320,84|224,54|0,00|0,00|0,00|0,00||
|C190|010|1403|17,00|496,03|0,00|0,00|0,00|0,00|0,00|0,00||
|C100|0|1|FOR000000642|55|00|001|443316|51240100793249000100550010004433161981041369|31012024|31012024|2059,44|1|0,00|0,00|2051,64|9|0,00|0,00|7,80|676,22|114,96|0,00|0,00|0,00|0,00|0,00|0,00|0,00|
|C170|1|7898955494548||2,0000|48|216,84|0,00|0|000|1102|100|217,66|17,00|37,00|0,00|0,00|0,00|0|49||0,00|0,00|0,00||0,00|0,0000|0,000|0,0000|0,00||0,00|0,0000|0,000|0,0000|0,00|55|0,00|
|C170|2|7644||3,0000|48|456,83|0,00|0|000|1102|100|458,56|17,00|77,96|0,00|0,00|0,00|0|49||0,00|0,00|0,00||0,00|0,0000|0,000|0,0000|0,00||0,00|0,0000|0,000|0,0000|0,00|55|0,00|
|C170|3|7898955494717||12,0000|3|31,06|0,00|0|010|1403|104|0,00|17,00|0,00|0,00|0,00|0,00|0|49||0,00|0,00|0,00||0,00|0,0000|0,000|0,0000|0,00||0,00|0,0000|0,000|0,0000|0,00|55|0,00|
|C170|4|4376||80,0000|3|117,76|0,00|0|010|1403|104|0,00|17,00|0,00|0,00|0,00|0,00|0|49||0,00|0,00|0,00||0,00|0,0000|0,000|0,0000|0,00||0,00|0,0000|0,000|0,0000|0,00|55|0,00|
|C170|5|7898955494557||24,0000|3|243,15|0,00|0|010|1403|104|0,00|17,00|0,00|0,00|0,00|0,00|0|49||0,00|0,00|0,00||0,00|0,0000|0,000|0,0000|0,00||0,00|0,0000|0,000|0,0000|0,00|55|0,00|
|C170|6|5781||320,0000|3|986,00|0,00|0|010|1403|104|0,00|17,00|0,00|0,00|0,00|0,00|0|49||0,00|0,00|0,00||0,00|0,0000|0,000|0,0000|0,00||0,00|0,0000|0,000|0,0000|0,00|55|0,00|
|C190|000|1102|17,00|676,22|676,22|114,96|0,00|0,00|0,00|0,00||
|C190|010|1403|17,00|1383,22|0,00|0,00|0,00|0,00|0,00|0,00||
|C100|0|1|FOR000000644|55|00|003|152843|31240125686353000118550030001528431313001842|15012024|15012024|5948,97|1|0,00|0,00|5698,20|0|0,00|0,00|0,00|5698,20|377,03|0,00|0,00|0,00|0,00|0,00|0,00|0,00|
|C170|1|7898955494501||300,0000|10|4287,00|0,00|0|000|2101|113|4287,00|7,00|300,09|0,00|0,00|0,00|0|00||0,00|0,00|0,00||0,00|0,0000|0,000|0,0000|0,00||0,00|0,0000|0,000|0,0000|0,00|64|0,00|
|C170|2|7898955494503||60,0000|8|682,80|0,00|0|000|2101|113|682,80|7,00|47,80|0,00|0,00|0,00|0|00||0,00|0,00|0,00||0,00|0,0000|0,000|0,0000|0,00||0,00|0,0000|0,000|0,0000|0,00|64|0,00|
|C170|3|343200106004||120,0000|7|728,40|0,00|0|041|2101|113|728,40|4,00|29,14|0,00|0,00|0,00|0|00||0,00|0,00|0,00||0,00|0,0000|0,000|0,0000|0,00||0,00|0,0000|0,000|0,0000|0,00|64|0,00|
|C190|000|2101|7,00|5184,15|4969,80|347,89|0,00|0,00|0,00|0,00||
|C190|041|2101|4,00|764,82|728,40|29,14|0,00|0,00|0,00|0,00||
|C100|0|1|FOR000000651|55|00|000|223734|43240111071732000199550000002237341769077600|15012024|15012024|4265,16|1|0,00|0,00|4265,16|0|0,00|0,00|0,00|4265,16|257,71|0,00|0,00|0,00|0,00|0,00|0,00|0,00|
|C170|1|SP2735AZ||30,0000|7|2399,40|0,00|0|000|2101|113|2399,40|7,00|167,96|0,00|0,00|0,00|0|01||0,00|0,00|0,00||0,00|0,0000|0,000|0,0000|0,00||0,00|0,0000|0,000|0,0000|0,00|64|0,00|
|C170|2|7898955494613||400,0000|7|504,00|0,00|0|000|2101|113|504,00|7,00|35,28|0,00|0,00|0,00|0|01||0,00|0,00|0,00||0,00|0,0000|0,000|0,0000|0,00||0,00|0,0000|0,000|0,0000|0,00|64|0,00|
|C170|3|7898955494616||24,0000|7|1361,76|0,00|0|100|2102|100|1361,76|4,00|54,47|0,00|0,00|0,00|0|01||0,00|0,00|0,00||0,00|0,0000|0,000|0,0000|0,00||0,00|0,0000|0,000|0,0000|0,00|55|0,00|
|C190|000|2101|7,00|2903,40|2903,40|203,24|0,00|0,00|0,00|0,00||
|C190|100|2102|4,00|1361,76|1361,76|54,47|0,00|0,00|0,00|0,00||
|C100|0|1|FOR000000660|55|00|001|617825|51240106120153000159550010006178251148421727|05012024|05012024|6796,64|1|0,00|0,00|6796,64|0|0,00|0,00|0,00|6796,64|1155,42|0,00|0,00|0,00|0,00|0,00|0,00|0,00|
|C170|1|7898955494309||60,0000|3|699,30|0,00|0|000|1102|100|699,30|17,00|118,88|0,00|0,00|0,00|0|49||0,00|0,00|0,00||0,00|0,0000|0,000|0,0000|0,00||0,00|0,0000|0,000|0,0000|0,00|55|0,00|
|C170|2|7898955494512||18,0000|3|841,07|0,00|0|000|1102|100|841,07|17,00|142,98|0,00|0,00|0,00|0|49||0,00|0,00|0,00||0,00|0,0000|0,000|0,0000|0,00||0,00|0,0000|0,000|0,0000|0,00|55|0,00|
|C170|3|1869||18,0000|3|841,07|0,00|0|000|1102|100|841,07|17,00|142,98|0,00|0,00|0,00|0|49||0,00|0,00|0,00||0,00|0,0000|0,000|0,0000|0,00||0,00|0,0000|0,000|0,0000|0,00|55|0,00|
|C170|4|7898955494460||18,0000|3|530,60|0,00|0|000|1102|100|530,60|17,00|90,20|0,00|0,00|0,00|0|49||0,00|0,00|0,00||0,00|0,0000|0,000|0,0000|0,00||0,00|0,0000|0,000|0,0000|0,00|55|0,00|
|C170|5|7898955494459||18,0000|3|530,60|0,00|0|000|1102|100|530,60|17,00|90,20|0,00|0,00|0,00|0|49||0,00|0,00|0,00||0,00|0,0000|0,000|0,0000|0,00||0,00|0,0000|0,000|0,0000|0,00|55|0,00|
|C170|6|7898955494461||18,0000|3|530,60|0,00|0|000|1102|100|530,60|17,00|90,20|0,00|0,00|0,00|0|49||0,00|0,00|0,00||0,00|0,0000|0,000|0,0000|0,00||0,00|0,0000|0,000|0,0000|0,00|55|0,00|
|C170|7|10100300202547||72,0000|3|1969,66|0,00|0|000|1102|100|1969,66|17,00|334,84|0,00|0,00|0,00|0|49||0,00|0,00|0,00||0,00|0,0000|0,000|0,0000|0,00||0,00|0,0000|0,000|0,0000|0,00|55|0,00|
|C170|8|7898955494753||60,0000|3|853,74|0,00|0|000|1102|100|853,74|17,00|145,14|0,00|0,00|0,00|0|49||0,00|0,00|0,00||0,00|0,0000|0,000|0,0000|0,00||0,00|0,0000|0,000|0,0000|0,00|55|0,00|
|C190|000|1102|17,00|6796,64|6796,64|1155,42|0,00|0,00|0,00|0,00||
|C100|0|1|FOR000000660|55|00|001|620316|51240106120153000159550010006203161129223651|13012024|13012024|2700,00|1|0,00|0,00|2700,00|0|0,00|0,00|0,00|2700,00|459,00|0,00|0,00|0,00|0,00|0,00|0,00|0,00|
|C170|1|19123||240,0000|3|2700,00|0,00|0|000|1102|100|2700,00|17,00|459,00|0,00|0,00|0,00|0|49||0,00|0,00|0,00||0,00|0,0000|0,000|0,0000|0,00||0,00|0,0000|0,000|0,0000|0,00|55|0,00|
|C190|000|1102|17,00|2700,00|2700,00|459,00|0,00|0,00|0,00|0,00||
|C100|0|1|FOR000000729|55|00|002|98512|43240197191621000131550020000985121813146230|25012024|25012024|8388,49|1|0,00|0,00|8388,49|0|0,00|0,00|0,00|8388,49|587,18|0,00|0,00|0,00|0,00|0,00|0,00|0,00|
|C170|1|7898955494520||15,0000|3|510,75|0,00|0|000|2101|113|510,75|7,00|35,75|0,00|0,00|0,00|0|00||0,00|0,00|0,00||0,00|0,0000|0,000|0,0000|0,00||0,00|0,0000|0,000|0,0000|0,00|64|0,00|
|C170|2|7898955494289||49,0000|3|1845,34|0,00|0|000|2101|113|1845,34|7,00|129,17|0,00|0,00|0,00|0|00||0,00|0,00|0,00||0,00|0,0000|0,000|0,0000|0,00||0,00|0,0000|0,000|0,0000|0,00|64|0,00|
|C170|3|7898955494350||120,0000|3|2101,20|0,00|0|000|2101|113|2101,20|7,00|147,08|0,00|0,00|0,00|0|00||0,00|0,00|0,00||0,00|0,0000|0,000|0,0000|0,00||0,00|0,0000|0,000|0,0000|0,00|64|0,00|
|C170|4|35511||120,0000|3|1137,60|0,00|0|000|2101|113|1137,60|7,00|79,63|0,00|0,00|0,00|0|00||0,00|0,00|0,00||0,00|0,0000|0,000|0,0000|0,00||0,00|0,0000|0,000|0,0000|0,00|64|0,00|
|C170|5|7898955494349||60,0000|3|772,20|0,00|0|000|2101|113|772,20|7,00|54,05|0,00|0,00|0,00|0|00||0,00|0,00|0,00||0,00|0,0000|0,000|0,0000|0,00||0,00|0,0000|0,000|0,0000|0,00|64|0,00|
|C170|6|7898955494353||36,0000|3|383,40|0,00|0|000|2101|113|383,40|7,00|26,84|0,00|0,00|0,00|0|00||0,00|0,00|0,00||0,00|0,0000|0,000|0,0000|0,00||0,00|0,0000|0,000|0,0000|0,00|64|0,00|
|C170|7|7898955494351||30,0000|3|1029,00|0,00|0|000|2101|113|1029,00|7,00|72,03|0,00|0,00|0,00|0|00||0,00|0,00|0,00||0,00|0,0000|0,000|0,0000|0,00||0,00|0,0000|0,000|0,0000|0,00|64|0,00|
|C170|8|7898955494290||60,0000|3|609,00|0,00|0|000|2101|113|609,00|7,00|42,63|0,00|0,00|0,00|0|00||0,00|0,00|0,00||0,00|0,0000|0,000|0,0000|0,00||0,00|0,0000|0,000|0,0000|0,00|64|0,00|
|C190|000|2101|7,00|8388,49|8388,49|587,18|0,00|0,00|0,00|0,00||
|C100|0|1|FOR000000778|55|00|001|13437|51240109623238000148550010000134371000423215|19012024|19012024|3609,24|1|0,00|0,00|3604,24|0|0,00|0,00|5,00|0,00|0,00|0,00|0,00|0,00|0,00|0,00|0,00|0,00|
|C170|1|7898955494281||200,0000|3|2098,00|0,00|0|101|1102|100|0,00|0,00|0,00|0,00|0,00|0,00|0|49||0,00|0,00|0,00||0,00|0,0000|0,000|0,0000|0,00||0,00|0,0000|0,000|0,0000|0,00|55|0,00|
|C170|2|7898955494725||50,0000|3|270,00|0,00|0|101|1102|100|0,00|0,00|0,00|0,00|0,00|0,00|0|49||0,00|0,00|0,00||0,00|0,0000|0,000|0,0000|0,00||0,00|0,0000|0,000|0,0000|0,00|55|0,00|
|C170|3|7898955494715||24,0000|7|357,60|0,00|0|101|1102|100|0,00|0,00|0,00|0,00|0,00|0,00|0|49||0,00|0,00|0,00||0,00|0,0000|0,000|0,0000|0,00||0,00|0,0000|0,000|0,0000|0,00|55|0,00|
|C170|4|7898955494280||60,0000|3|749,40|0,00|0|101|1102|100|0,00|0,00|0,00|0,00|0,00|0,00|0|49||0,00|0,00|0,00||0,00|0,0000|0,000|0,0000|0,00||0,00|0,0000|0,000|0,0000|0,00|55|0,00|
|C170|5|7898955494714||24,0000|3|86,16|0,00|0|101|1102|100|0,00|0,00|0,00|0,00|0,00|0,00|0|49||0,00|0,00|0,00||0,00|0,0000|0,000|0,0000|0,00||0,00|0,0000|0,000|0,0000|0,00|55|0,00|
|C170|6|7897924402231||12,0000|3|43,08|0,00|0|101|1102|100|0,00|0,00|0,00|0,00|0,00|0,00|0|49||0,00|0,00|0,00||0,00|0,0000|0,000|0,0000|0,00||0,00|0,0000|0,000|0,0000|0,00|55|0,00|
|C190|101|1102|0,00|3609,24|0,00|0,00|0,00|0,00|0,00|0,00||
|C100|0|1|FOR000000807|55|00|001|14748|51240105762773000129550010000147481786675579|19012024|19012024|1118,50|1|0,00|0,00|1118,50|9|0,00|0,00|0,00|0,00|0,00|0,00|0,00|0,00|0,00|0,00|0,00|0,00|
|C110|3||
|C170|1|7898955494794||50,0000|16|289,50|0,00|0|060|1403|104|0,00|0,00|0,00|0,00|0,00|0,00|0|49||0,00|0,00|0,00||0,00|0,0000|0,000|0,0000|0,00||0,00|0,0000|0,000|0,0000|0,00|55|0,00|
|C170|2|7898955494791||100,0000|73|829,00|0,00|0|102|1102|100|0,00|0,00|0,00|0,00|0,00|0,00|0|49||0,00|0,00|0,00||0,00|0,0000|0,000|0,0000|0,00||0,00|0,0000|0,000|0,0000|0,00|55|0,00|
|C190|060|1403|0,00|289,50|0,00|0,00|0,00|0,00|0,00|0,00||
|C190|102|1102|0,00|829,00|0,00|0,00|0,00|0,00|0,00|0,00||
|C100|0|1|FOR000000845|55|00|001|82311|52240137832508000166550010000823111900918360|12012024|12012024|2487,50|1|0,00|0,00|2487,50|0|0,00|0,00|0,00|2487,50|298,50|0,00|0,00|0,00|0,00|0,00|0,00|0,00|
|C170|1|010172||250,0000|11|2487,50|0,00|0|000|2101|113|2487,50|12,00|298,50|0,00|0,00|0,00|0|49||0,00|0,00|0,00||0,00|0,0000|0,000|0,0000|0,00||0,00|0,0000|0,000|0,0000|0,00|64|0,00|
|C190|000|2101|12,00|2487,50|2487,50|298,50|0,00|0,00|0,00|0,00||
|C100|0|1|FOR000000847|55|00|001|900787|42240179846465000118550010009007871156823420|12012024|12012024|7025,29|1|0,00|0,00|6462,39|0|413,55|0,00|0,00|6875,98|445,60|0,00|0,00|0,00|0,00|0,00|0,00|0,00|
|C170|1|7898955494415||5,0000|3|79,90|0,00|0|100|2102|100|85,03|4,00|3,40|0,00|0,00|0,00|0|01||0,00|0,00|0,00||0,00|0,0000|0,000|0,0000|0,00||0,00|0,0000|0,000|0,0000|0,00|55|0,00|
|C170|2|38050||5,0000|3|127,60|0,00|0|100|2102|100|135,75|4,00|5,43|0,00|0,00|0,00|0|01||0,00|0,00|0,00||0,00|0,0000|0,000|0,0000|0,00||0,00|0,0000|0,000|0,0000|0,00|55|0,00|
|C170|3|38039||5,0000|3|66,25|0,00|0|100|2102|100|70,51|4,00|2,82|0,00|0,00|0,00|0|01||0,00|0,00|0,00||0,00|0,0000|0,000|0,0000|0,00||0,00|0,0000|0,000|0,0000|0,00|55|0,00|
|C170|4|38042||5,0000|3|127,60|0,00|0|100|2102|100|135,75|4,00|5,43|0,00|0,00|0,00|0|01||0,00|0,00|0,00||0,00|0,0000|0,000|0,0000|0,00||0,00|0,0000|0,000|0,0000|0,00|55|0,00|
|C170|5|53308||20,0000|3|579,80|0,00|0|000|2101|113|616,90|7,00|43,18|0,00|0,00|0,00|0|00||0,00|0,00|0,00||0,00|0,0000|0,000|0,0000|0,00||0,00|0,0000|0,000|0,0000|0,00|64|0,00|
|C170|6|54926||192,0000|3|355,20|0,00|0|000|2102|100|377,95|7,00|26,46|0,00|0,00|0,00|0|03||0,00|0,00|0,00||0,00|0,0000|0,000|0,0000|0,00||0,00|0,0000|0,000|0,0000|0,00|55|0,00|
|C170|7|54927||192,0000|3|355,20|0,00|0|000|2102|100|377,95|7,00|26,46|0,00|0,00|0,00|0|03||0,00|0,00|0,00||0,00|0,0000|0,000|0,0000|0,00||0,00|0,0000|0,000|0,0000|0,00|55|0,00|
|C170|8|39999||60,0000|3|1075,80|0,00|0|000|2101|113|1144,66|7,00|80,13|0,00|0,00|0,00|0|00||0,00|0,00|0,00||0,00|0,0000|0,000|0,0000|0,00||0,00|0,0000|0,000|0,0000|0,00|64|0,00|
|C170|9|54190||24,0000|3|313,44|0,00|0|000|2102|100|333,50|7,00|23,35|0,00|0,00|0,00|0|03||0,00|0,00|0,00||0,00|0,0000|0,000|0,0000|0,00||0,00|0,0000|0,000|0,0000|0,00|55|0,00|
|C170|10|48398||60,0000|3|1172,40|0,00|0|000|2101|113|1247,42|7,00|87,32|0,00|0,00|0,00|0|00||0,00|0,00|0,00||0,00|0,0000|0,000|0,0000|0,00||0,00|0,0000|0,000|0,0000|0,00|64|0,00|
|C170|11|41489||100,0000|7|1491,00|0,00|0|000|2101|113|1586,41|7,00|111,05|0,00|0,00|0,00|0|00||0,00|0,00|0,00||0,00|0,0000|0,000|0,0000|0,00||0,00|0,0000|0,000|0,0000|0,00|64|0,00|
|C170|12|38918||18,0000|3|718,20|0,00|0|100|2102|100|764,15|4,00|30,57|0,00|0,00|0,00|0|01||0,00|0,00|0,00||0,00|0,0000|0,000|0,0000|0,00||0,00|0,0000|0,000|0,0000|0,00|55|0,00|
|C190|000|2101|7,00|4744,70|4595,39|321,68|0,00|0,00|0,00|0,00||
|C190|000|2102|7,00|1089,40|1089,40|76,27|0,00|0,00|0,00|0,00||
|C190|100|2102|4,00|1191,19|1191,19|47,65|0,00|0,00|0,00|0,00||
|C100|0|1|FOR000000889|55|00|001|21861|43240103625129000183550010000218611310675731|10012024|10012024|810,00|1|0,00|0,00|810,00|1|0,00|0,00|0,00|810,00|56,70|0,00|0,00|0,00|0,00|0,00|0,00|0,00|
|C170|1|7898955494480||3,0000|48|486,00|0,00|0|000|2101|113|486,00|7,00|34,02|0,00|0,00|0,00|0|05||0,00|0,00|0,00||0,00|0,0000|0,000|0,0000|0,00||0,00|0,0000|0,000|0,0000|0,00|64|0,00|
|C170|2|7898955494480||2,0000|48|324,00|0,00|0|000|2101|113|324,00|7,00|22,68|0,00|0,00|0,00|0|05||0,00|0,00|0,00||0,00|0,0000|0,000|0,0000|0,00||0,00|0,0000|0,000|0,0000|0,00|64|0,00|
|C190|000|2101|7,00|810,00|810,00|56,70|0,00|0,00|0,00|0,00||
|C100|0|1|FOR000000894|55|00|001|2086407|51240111322774000155550010020864071239226100|17012024|17012024|1860,56|1|0,00|0,00|1857,24|0|0,00|0,00|3,32|939,10|159,65|0,00|0,00|0,00|0,00|0,00|0,00|0,00|
|C170|1|10100300202548||48,0000|3|624,96|0,00|0|000|1102|100|626,07|17,00|106,43|0,00|0,00|0,00|0|49||0,00|0,00|0,00||0,00|0,0000|0,000|0,0000|0,00||0,00|0,0000|0,000|0,0000|0,00|55|0,00|
|C170|2|7898955494405||24,0000|3|312,48|0,00|0|000|1102|100|313,03|17,00|53,22|0,00|0,00|0,00|0|49||0,00|0,00|0,00||0,00|0,0000|0,000|0,0000|0,00||0,00|0,0000|0,000|0,0000|0,00|55|0,00|
|C170|3|7898955494287||60,0000|3|919,80|0,00|0|010|1403|104|0,00|17,00|0,00|0,00|0,00|0,00|0|49||0,00|0,00|0,00||0,00|0,0000|0,000|0,0000|0,00||0,00|0,0000|0,000|0,0000|0,00|55|0,00|
|C190|000|1102|17,00|939,10|939,10|159,65|0,00|0,00|0,00|0,00||
|C190|010|1403|17,00|921,46|0,00|0,00|0,00|0,00|0,00|0,00||
|C100|0|1|FOR000000908|55|00|002|355206|42240106555530000263550020003552061668728533|16012024|16012024|8364,19|1|0,00|0,00|8364,19|0|0,00|0,00|0,00|8209,39|355,30|0,00|0,00|0,00|0,00|0,00|0,00|0,00|
|C170|1|7898955494483||600,0000|3|2113,08|0,00|0|100|2102|100|2113,08|4,00|84,52|0,00|0,00|0,00|0|01||0,00|0,00|0,00||0,00|0,0000|0,000|0,0000|0,00||0,00|0,0000|0,000|0,0000|0,00|55|0,00|
|C170|2|10.09.0012-0072||120,0000|3|1257,59|0,00|0|100|2102|100|1257,59|4,00|50,30|0,00|0,00|0,00|0|01||0,00|0,00|0,00||0,00|0,0000|0,000|0,0000|0,00||0,00|0,0000|0,000|0,0000|0,00|55|0,00|
|C170|3|7898955494342||120,0000|3|1559,46|0,00|0|100|2102|100|1559,46|4,00|62,38|0,00|0,00|0,00|0|01||0,00|0,00|0,00||0,00|0,0000|0,000|0,0000|0,00||0,00|0,0000|0,000|0,0000|0,00|55|0,00|
|C170|4|7897924402713||120,0000|3|652,56|0,00|0|100|2102|100|612,73|4,00|24,51|0,00|0,00|0,00|0|00||0,00|0,00|0,00||0,00|0,0000|0,000|0,0000|0,00||0,00|0,0000|0,000|0,0000|0,00|55|0,00|
|C170|5|7898955494484||100,0000|3|534,16|0,00|0|000|2101|113|534,16|7,00|37,39|0,00|0,00|0,00|0|01||0,00|0,00|0,00||0,00|0,0000|0,000|0,0000|0,00||0,00|0,0000|0,000|0,0000|0,00|64|0,00|
|C170|6|7898955494488||36,0000|3|447,35|0,00|0|100|2102|100|420,05|4,00|16,80|0,00|0,00|0,00|0|00||0,00|0,00|0,00||0,00|0,0000|0,000|0,0000|0,00||0,00|0,0000|0,000|0,0000|0,00|55|0,00|
|C170|7|7898955494485||144,0000|3|1436,46|0,00|0|100|2102|100|1348,79|4,00|53,95|0,00|0,00|0,00|0|00||0,00|0,00|0,00||0,00|0,0000|0,000|0,0000|0,00||0,00|0,0000|0,000|0,0000|0,00|55|0,00|
|C170|8|13495||20,0000|3|363,53|0,00|0|000|2102|100|363,53|7,00|25,45|0,00|0,00|0,00|0|03||0,00|0,00|0,00||0,00|0,0000|0,000|0,0000|0,00||0,00|0,0000|0,000|0,0000|0,00|55|0,00|
|C190|000|2101|7,00|534,16|534,16|37,39|0,00|0,00|0,00|0,00||
|C190|000|2102|7,00|363,53|363,53|25,45|0,00|0,00|0,00|0,00||
|C190|100|2102|4,00|7466,50|7311,70|292,46|0,00|0,00|0,00|0,00||
|C100|0|1|FOR000001110|55|00|001|8878|42240179399341000131550010000088781000052310|29012024|29012024|28116,72|1|0,00|0,00|25131,17|1|0,00|0,00|0,00|25131,17|1759,18|0,00|0,00|0,00|0,00|0,00|0,00|0,00|
|C170|1|7898955494647||15036,0000|87|17289,90|0,00|0|000|2101|113|17289,90|7,00|1210,29|0,00|0,00|0,00|0|00||0,00|0,00|0,00||0,00|0,0000|0,000|0,0000|0,00||0,00|0,0000|0,000|0,0000|0,00|64|0,00|
|C170|2|7898955494311||15036,0000|87|7841,27|0,00|0|000|2101|113|7841,27|7,00|548,89|0,00|0,00|0,00|0|00||0,00|0,00|0,00||0,00|0,0000|0,000|0,0000|0,00||0,00|0,0000|0,000|0,0000|0,00|64|0,00|
|C190|000|2101|7,00|28116,72|25131,17|1759,18|0,00|0,00|0,00|0,00||
|C100|0|1|FOR000001113|55|00|001|6289|51240119479284000179550010000062891873398990|19012024|19012024|2670,45|1|0,00|0,00|2670,45|0|0,00|0,00|0,00|0,00|0,00|0,00|0,00|0,00|0,00|0,00|0,00|0,00|
|C170|1|7898955494553||560,0000|73|2127,88|0,00|0|202|1401|116|0,00|0,00|0,00|0,00|0,00|0,00|0|03||0,00|0,00|0,00||0,00|0,0000|0,000|0,0000|0,00||0,00|0,0000|0,000|0,0000|0,00|64|0,00|
|C170|2|7898955494552||40,0000|11|542,57|0,00|0|202|1401|116|0,00|0,00|0,00|0,00|0,00|0,00|0|03||0,00|0,00|0,00||0,00|0,0000|0,000|0,0000|0,00||0,00|0,0000|0,000|0,0000|0,00|64|0,00|
|C190|202|1401|0,00|2670,45|0,00|0,00|0,00|0,00|0,00|0,00||
|C100|0|1|FOR000001412|55|00|001|100993|52240140065819000151550010001009931201561836|24012024|24012024|2764,90|1|0,00|0,00|2764,90|9|0,00|0,00|0,00|2764,90|331,78|0,00|0,00|0,00|0,00|0,00|0,00|0,00|
|C170|1|4439||24,0000|3|592,08|0,00|0|000|2102|100|592,08|12,00|71,05|0,00|0,00|0,00|0|49||0,00|0,00|0,00||0,00|0,0000|0,000|0,0000|0,00||0,00|0,0000|0,000|0,0000|0,00|55|0,00|
|C170|2|7898955494534||20,0000|3|172,60|0,00|0|000|2102|100|172,60|12,00|20,71|0,00|0,00|0,00|0|49||0,00|0,00|0,00||0,00|0,0000|0,000|0,0000|0,00||0,00|0,0000|0,000|0,0000|0,00|55|0,00|
|C170|3|33167||15,0000|3|364,50|0,00|0|000|2102|100|364,50|12,00|43,74|0,00|0,00|0,00|0|49||0,00|0,00|0,00||0,00|0,0000|0,000|0,0000|0,00||0,00|0,0000|0,000|0,0000|0,00|55|0,00|
|C170|4|38491||15,0000|3|583,50|0,00|0|000|2102|100|583,50|12,00|70,02|0,00|0,00|0,00|0|49||0,00|0,00|0,00||0,00|0,0000|0,000|0,0000|0,00||0,00|0,0000|0,000|0,0000|0,00|55|0,00|
|C170|5|7898955494785||36,0000|3|139,68|0,00|0|000|2102|100|139,68|12,00|16,76|0,00|0,00|0,00|0|49||0,00|0,00|0,00||0,00|0,0000|0,000|0,0000|0,00||0,00|0,0000|0,000|0,0000|0,00|55|0,00|
|C170|6|5123||36,0000|3|189,36|0,00|0|000|2102|100|189,36|12,00|22,72|0,00|0,00|0,00|0|49||0,00|0,00|0,00||0,00|0,0000|0,000|0,0000|0,00||0,00|0,0000|0,000|0,0000|0,00|55|0,00|
|C170|7|7898955494437||24,0000|3|618,48|0,00|0|000|2102|100|618,48|12,00|74,22|0,00|0,00|0,00|0|49||0,00|0,00|0,00||0,00|0,0000|0,000|0,0000|0,00||0,00|0,0000|0,000|0,0000|0,00|55|0,00|
|C170|8|4024||30,0000|3|104,70|0,00|0|010|2102|100|104,70|12,00|12,56|0,00|0,00|0,00|0|49||0,00|0,00|0,00||0,00|0,0000|0,000|0,0000|0,00||0,00|0,0000|0,000|0,0000|0,00|55|0,00|
|C190|000|2102|12,00|2660,20|2660,20|319,22|0,00|0,00|0,00|0,00||
|C190|010|2102|12,00|104,70|104,70|12,56|0,00|0,00|0,00|0,00||
|C100|0|1|FOR000001575|55|00|002|33198|35240112902777000120550020000331981006717625|17012024|17012024|3751,57|1|0,00|0,00|3751,57|1|0,00|0,00|0,00|3751,57|262,61|0,00|0,00|0,00|0,00|0,00|0,00|0,00|
|C170|1|10100300202549||2,0000|257|105,58|0,00|0|000|2102|100|105,58|7,00|7,39|0,00|0,00|0,00|0|49||0,00|0,00|0,00||0,00|0,0000|0,000|0,0000|0,00||0,00|0,0000|0,000|0,0000|0,00|55|0,00|
|C170|2|7898955494836||2,0000|257|105,58|0,00|0|000|2102|100|105,58|7,00|7,39|0,00|0,00|0,00|0|49||0,00|0,00|0,00||0,00|0,0000|0,000|0,0000|0,00||0,00|0,0000|0,000|0,0000|0,00|55|0,00|
|C170|3|71167||2,0000|257|105,58|0,00|0|000|2102|100|105,58|7,00|7,39|0,00|0,00|0,00|0|49||0,00|0,00|0,00||0,00|0,0000|0,000|0,0000|0,00||0,00|0,0000|0,000|0,0000|0,00|55|0,00|
|C170|4|5889||2,0000|257|105,58|0,00|0|000|2102|100|105,58|7,00|7,39|0,00|0,00|0,00|0|49||0,00|0,00|0,00||0,00|0,0000|0,000|0,0000|0,00||0,00|0,0000|0,000|0,0000|0,00|55|0,00|
|C170|5|7898955494629||5,0000|156|215,00|0,00|0|000|2102|100|215,00|7,00|15,05|0,00|0,00|0,00|0|49||0,00|0,00|0,00||0,00|0,0000|0,000|0,0000|0,00||0,00|0,0000|0,000|0,0000|0,00|55|0,00|
|C170|6|7898955494750||5,0000|843|244,65|0,00|0|000|2102|100|244,65|7,00|17,13|0,00|0,00|0,00|0|49||0,00|0,00|0,00||0,00|0,0000|0,000|0,0000|0,00||0,00|0,0000|0,000|0,0000|0,00|55|0,00|
|C170|7|7898955494444||10,0000|156|337,60|0,00|0|000|2102|100|337,60|7,00|23,63|0,00|0,00|0,00|0|49||0,00|0,00|0,00||0,00|0,0000|0,000|0,0000|0,00||0,00|0,0000|0,000|0,0000|0,00|55|0,00|
|C170|8|7898955494440||10,0000|156|337,60|0,00|0|000|2102|100|337,60|7,00|23,63|0,00|0,00|0,00|0|49||0,00|0,00|0,00||0,00|0,0000|0,000|0,0000|0,00||0,00|0,0000|0,000|0,0000|0,00|55|0,00|
|C170|9|7898955494361||10,0000|156|337,60|0,00|0|000|2102|100|337,60|7,00|23,63|0,00|0,00|0,00|0|49||0,00|0,00|0,00||0,00|0,0000|0,000|0,0000|0,00||0,00|0,0000|0,000|0,0000|0,00|55|0,00|
|C170|10|7898955494439||15,0000|156|506,40|0,00|0|000|2102|100|506,40|7,00|35,45|0,00|0,00|0,00|0|49||0,00|0,00|0,00||0,00|0,0000|0,000|0,0000|0,00||0,00|0,0000|0,000|0,0000|0,00|55|0,00|
|C170|11|7898955494441||10,0000|156|337,60|0,00|0|000|2102|100|337,60|7,00|23,63|0,00|0,00|0,00|0|49||0,00|0,00|0,00||0,00|0,0000|0,000|0,0000|0,00||0,00|0,0000|0,000|0,0000|0,00|55|0,00|
|C170|12|7898955494426||5,0000|156|168,80|0,00|0|000|2102|100|168,80|7,00|11,82|0,00|0,00|0,00|0|49||0,00|0,00|0,00||0,00|0,0000|0,000|0,0000|0,00||0,00|0,0000|0,000|0,0000|0,00|55|0,00|
|C170|13|7898955494443||5,0000|156|168,80|0,00|0|000|2102|100|168,80|7,00|11,82|0,00|0,00|0,00|0|49||0,00|0,00|0,00||0,00|0,0000|0,000|0,0000|0,00||0,00|0,0000|0,000|0,0000|0,00|55|0,00|
|C170|14|7898955494442||10,0000|156|337,60|0,00|0|000|2102|100|337,60|7,00|23,63|0,00|0,00|0,00|0|49||0,00|0,00|0,00||0,00|0,0000|0,000|0,0000|0,00||0,00|0,0000|0,000|0,0000|0,00|55|0,00|
|C170|15|7898955494425||10,0000|156|337,60|0,00|0|000|2102|100|337,60|7,00|23,63|0,00|0,00|0,00|0|49||0,00|0,00|0,00||0,00|0,0000|0,000|0,0000|0,00||0,00|0,0000|0,000|0,0000|0,00|55|0,00|
|C190|000|2102|7,00|3751,57|3751,57|262,61|0,00|0,00|0,00|0,00||
|C100|0|1|FOR000001661|55|00|001|1071|51240141579580000109550010000010711004051738|16012024|16012024|7089,68|1|0,00|0,00|7089,68|1|0,00|0,00|0,00|0,00|0,00|0,00|0,00|0,00|0,00|0,00|0,00|0,00|
|C170|1|7308-1||1604,0000|3|7089,68|0,00|0|101|1102|100|0,00|0,00|0,00|0,00|0,00|0,00|0|49||0,00|0,00|0,00||0,00|0,0000|0,000|0,0000|0,00||0,00|0,0000|0,000|0,0000|0,00|55|0,00|
|C190|101|1102|0,00|7089,68|0,00|0,00|0,00|0,00|0,00|0,00||
|C100|0|1|FOR000001661|55|00|001|1085|51240141579580000109550010000010851001836322|19012024|19012024|7337,00|1|0,00|0,00|7337,00|1|0,00|0,00|0,00|0,00|0,00|0,00|0,00|0,00|0,00|0,00|0,00|0,00|
|C170|1|10100300202550||1595,0000|3|7337,00|0,00|0|101|1102|100|0,00|0,00|0,00|0,00|0,00|0,00|0|49||0,00|0,00|0,00||0,00|0,0000|0,000|0,0000|0,00||0,00|0,0000|0,000|0,0000|0,00|55|0,00|
|C190|101|1102|0,00|7337,00|0,00|0,00|0,00|0,00|0,00|0,00||
|C100|0|1|FOR000001799|55|00|002|159407|35240160874724000943550020001594071877368510|31012024|31012024|3673,20|1|0,00|0,00|3673,20|0|0,00|0,00|0,00|3673,20|146,93|0,00|0,00|0,00|0,00|0,00|0,00|0,00|
|C170|1|6624212DMC511A1||400,0000|10|3673,20|0,00|0|100|2102|100|3673,20|4,00|146,93|0,00|0,00|0,00|0|49||0,00|0,00|0,00||0,00|0,0000|0,000|0,0000|0,00||0,00|0,0000|0,000|0,0000|0,00|55|0,00|
|C190|100|2102|4,00|3673,20|3673,20|146,93|0,00|0,00|0,00|0,00||
|C100|0|1|FOR000001808|55|00|003|29771|35240101898598000493550030000297711670529069|30012024|30012024|45829,87|1|0,00|0,00|44387,28|0|0,00|0,00|0,00|44387,28|3107,11|0,00|0,00|0,00|0,00|0,00|0,00|0,00|
|C170|1|000000000001103122||1050,0000|10|11096,82|0,00|0|060|2101|113|11096,82|7,00|776,78|0,00|0,00|0,00|0|00||0,00|0,00|0,00||0,00|0,0000|0,000|0,0000|0,00||0,00|0,0000|0,000|0,0000|0,00|64|0,00|
|C170|2|000000000001103122||3150,0000|10|33290,46|0,00|0|060|2101|113|33290,46|7,00|2330,33|0,00|0,00|0,00|0|00||0,00|0,00|0,00||0,00|0,0000|0,000|0,0000|0,00||0,00|0,0000|0,000|0,0000|0,00|64|0,00|
|C190|060|2101|7,00|45829,87|44387,28|3107,11|0,00|0,00|0,00|0,00||
|C100|0|1|FOR000002118|55|00|001|66564|35240113816737000129550010000665641000329123|12012024|12012024|1342,00|1|0,00|0,00|1342,00|1|0,00|0,00|0,00|1342,00|93,94|0,00|0,00|0,00|0,00|0,00|0,00|0,00|
|C170|1|I.2209.150.37||440,0000|10|1342,00|0,00|0|060|2101|113|1342,00|7,00|93,94|0,00|0,00|0,00|0|01||0,00|0,00|0,00||0,00|0,0000|0,000|0,0000|0,00||0,00|0,0000|0,000|0,0000|0,00|64|0,00|
|C190|060|2101|7,00|1342,00|1342,00|93,94|0,00|0,00|0,00|0,00||
|C100|0|1|FOR000002122|55|00|001|34847|42240103210886000277550010000348471069860884|16012024|16012024|6030,29|1|0,00|0,00|6030,29|0|0,00|0,00|0,00|6030,29|241,22|0,00|0,00|0,00|0,00|0,00|0,00|0,00|
|C170|1|7898955494457||25,0000|3|3351,15|0,00|0|041|2101|113|3351,15|4,00|134,05|0,00|0,00|0,00|0|01||0,00|0,00|0,00||0,00|0,0000|0,000|0,0000|0,00||0,00|0,0000|0,000|0,0000|0,00|64|0,00|
|C170|2|7898955494707||25,0000|3|2679,14|0,00|0|041|2101|113|2679,14|4,00|107,17|0,00|0,00|0,00|0|01||0,00|0,00|0,00||0,00|0,0000|0,000|0,0000|0,00||0,00|0,0000|0,000|0,0000|0,00|64|0,00|
|C190|041|2101|4,00|6030,29|6030,29|241,22|0,00|0,00|0,00|0,00||
|C100|0|1|FOR000002122|55|00|001|34848|42240103210886000277550010000348481953817554|16012024|16012024|148,94|0|0,00|0,00|148,94|0|0,00|0,00|0,00|0,00|0,00|0,00|0,00|0,00|0,00|0,00|0,00|0,00|
|C170|1|7898955494457||1,0000|3|148,94|0,00|0|041|2910|121|0,00|0,00|0,00|0,00|0,00|0,00|0|49||0,00|0,00|0,00||0,00|0,0000|0,000|0,0000|0,00||0,00|0,0000|0,000|0,0000|0,00||0,00|
|C190|041|2910|0,00|148,94|0,00|0,00|0,00|0,00|0,00|0,00||
|C100|0|1|FOR000002371|55|00|001|2344|51240107731241000311550010000023441908663388|22012024|22012024|1713,48|1|0,00|0,00|1713,48|0|0,00|0,00|0,00|0,00|0,00|0,00|0,00|0,00|0,00|0,00|0,00|0,00|
|C170|1|10100300202564||395,0000|3|505,60|0,00|0|000|1152|154|0,00|0,00|0,00|0,00|0,00|0,00|0|49||0,00|0,00|0,00||0,00|0,0000|0,000|0,0000|0,00||0,00|0,0000|0,000|0,0000|0,00||0,00|
|C170|2|10100300202562||1,0000|3|5,75|0,00|0|000|1152|154|0,00|0,00|0,00|0,00|0,00|0,00|0|49||0,00|0,00|0,00||0,00|0,0000|0,000|0,0000|0,00||0,00|0,0000|0,000|0,0000|0,00||0,00|
|C170|3|7898955494814||1,0000|3|5,70|0,00|0|000|1152|154|0,00|0,00|0,00|0,00|0,00|0,00|0|49||0,00|0,00|0,00||0,00|0,0000|0,000|0,0000|0,00||0,00|0,0000|0,000|0,0000|0,00||0,00|
|C170|4|7898955494379||1,0000|3|3,15|0,00|0|000|1152|154|0,00|0,00|0,00|0,00|0,00|0,00|0|49||0,00|0,00|0,00||0,00|0,0000|0,000|0,0000|0,00||0,00|0,0000|0,000|0,0000|0,00||0,00|
|C170|5|10100300202561||16,0000|3|93,60|0,00|0|000|1152|154|0,00|0,00|0,00|0,00|0,00|0,00|0|49||0,00|0,00|0,00||0,00|0,0000|0,000|0,0000|0,00||0,00|0,0000|0,000|0,0000|0,00||0,00|
|C170|6|10100300202558||2,0000|3|32,84|0,00|0|000|1152|154|0,00|0,00|0,00|0,00|0,00|0,00|0|49||0,00|0,00|0,00||0,00|0,0000|0,000|0,0000|0,00||0,00|0,0000|0,000|0,0000|0,00||0,00|
|C170|7|10100300202556||1,0000|3|16,42|0,00|0|000|1152|154|0,00|0,00|0,00|0,00|0,00|0,00|0|49||0,00|0,00|0,00||0,00|0,0000|0,000|0,0000|0,00||0,00|0,0000|0,000|0,0000|0,00||0,00|
|C170|8|1348||10,0000|3|205,10|0,00|0|000|1152|154|0,00|0,00|0,00|0,00|0,00|0,00|0|49||0,00|0,00|0,00||0,00|0,0000|0,000|0,0000|0,00||0,00|0,0000|0,000|0,0000|0,00||0,00|
|C170|9|1492||3,0000|3|165,18|0,00|0|000|1152|154|0,00|0,00|0,00|0,00|0,00|0,00|0|49||0,00|0,00|0,00||0,00|0,0000|0,000|0,0000|0,00||0,00|0,0000|0,000|0,0000|0,00||0,00|
|C170|10|7898955494387||4,0000|3|62,00|0,00|0|000|1152|154|0,00|0,00|0,00|0,00|0,00|0,00|0|49||0,00|0,00|0,00||0,00|0,0000|0,000|0,0000|0,00||0,00|0,0000|0,000|0,0000|0,00||0,00|
|C170|11|10100300202555||15,0000|3|76,50|0,00|0|000|1152|154|0,00|0,00|0,00|0,00|0,00|0,00|0|49||0,00|0,00|0,00||0,00|0,0000|0,000|0,0000|0,00||0,00|0,0000|0,000|0,0000|0,00||0,00|
|C170|12|10100300202554||4,0000|3|31,84|0,00|0|000|1152|154|0,00|0,00|0,00|0,00|0,00|0,00|0|49||0,00|0,00|0,00||0,00|0,0000|0,000|0,0000|0,00||0,00|0,0000|0,000|0,0000|0,00||0,00|
|C170|13|10100300202553||11,0000|3|70,73|0,00|0|000|1152|154|0,00|0,00|0,00|0,00|0,00|0,00|0|49||0,00|0,00|0,00||0,00|0,0000|0,000|0,0000|0,00||0,00|0,0000|0,000|0,0000|0,00||0,00|
|C170|14|10100300202552||2,0000|3|37,80|0,00|0|000|1152|154|0,00|0,00|0,00|0,00|0,00|0,00|0|49||0,00|0,00|0,00||0,00|0,0000|0,000|0,0000|0,00||0,00|0,0000|0,000|0,0000|0,00||0,00|
|C170|15|10100300202557||6,0000|3|97,86|0,00|0|000|1152|154|0,00|0,00|0,00|0,00|0,00|0,00|0|49||0,00|0,00|0,00||0,00|0,0000|0,000|0,0000|0,00||0,00|0,0000|0,000|0,0000|0,00||0,00|
|C170|16|1349||12,0000|3|40,32|0,00|0|000|1152|154|0,00|0,00|0,00|0,00|0,00|0,00|0|49||0,00|0,00|0,00||0,00|0,0000|0,000|0,0000|0,00||0,00|0,0000|0,000|0,0000|0,00||0,00|
|C170|17|1035||1,0000|3|3,52|0,00|0|000|1152|154|0,00|0,00|0,00|0,00|0,00|0,00|0|49||0,00|0,00|0,00||0,00|0,0000|0,000|0,0000|0,00||0,00|0,0000|0,000|0,0000|0,00||0,00|
|C170|18|10100300202551||1,0000|3|3,73|0,00|0|000|1152|154|0,00|0,00|0,00|0,00|0,00|0,00|0|49||0,00|0,00|0,00||0,00|0,0000|0,000|0,0000|0,00||0,00|0,0000|0,000|0,0000|0,00||0,00|
|C170|19|1278||12,0000|3|255,84|0,00|0|000|1152|154|0,00|0,00|0,00|0,00|0,00|0,00|0|49||0,00|0,00|0,00||0,00|0,0000|0,000|0,0000|0,00||0,00|0,0000|0,000|0,0000|0,00||0,00|
|C190|000|1152|0,00|1713,48|0,00|0,00|0,00|0,00|0,00|0,00||
|C100|0|1|FOR000002373|55|00|001|57446|42240105316470000344550010000574461005695924|18012024|18012024|26437,95|1|0,00|0,00|25179,00|0|0,00|0,00|0,00|25179,00|1762,53|0,00|0,00|0,00|0,00|0,00|0,00|0,00|
|C170|1|200043||300,0000|48|25179,00|0,00|0|000|2101|113|25179,00|7,00|1762,53|0,00|0,00|0,00|0|00||0,00|0,00|0,00||0,00|0,0000|0,000|0,0000|0,00||0,00|0,0000|0,000|0,0000|0,00|64|0,00|
|C190|000|2101|7,00|26437,95|25179,00|1762,53|0,00|0,00|0,00|0,00||
|C100|0|1|FOR000002376|55|00|004|2160749|42240104310364000129550040021607491023881695|19012024|19012024|18318,98|1|0,00|0,00|18290,50|0|0,00|0,00|0,00|18290,50|1156,11|0,00|0,00|0,00|0,00|0,00|0,00|0,00|
|C110|4||
|C170|1|24397||50,0000|3|3019,50|0,00|0|100|2102|100|3019,50|4,00|120,78|0,00|0,00|0,00|0|49||0,00|0,00|0,00||0,00|0,0000|0,000|0,0000|0,00||0,00|0,0000|0,000|0,0000|0,00|55|0,00|
|C170|2|27929||120,0000|3|189,60|0,00|0|000|2102|100|189,60|7,00|13,27|0,00|0,00|0,00|0|49||0,00|0,00|0,00||0,00|0,0000|0,000|0,0000|0,00||0,00|0,0000|0,000|0,0000|0,00|55|0,00|
|C170|3|25782||40,0000|3|364,40|0,00|0|100|2102|100|364,40|4,00|14,58|0,00|0,00|0,00|0|49||0,00|0,00|0,00||0,00|0,0000|0,000|0,0000|0,00||0,00|0,0000|0,000|0,0000|0,00|55|0,00|
|C170|4|21820||400,0000|3|3672,00|0,00|0|000|2102|100|3672,00|7,00|257,04|0,00|0,00|0,00|0|49||0,00|0,00|0,00||0,00|0,0000|0,000|0,0000|0,00||0,00|0,0000|0,000|0,0000|0,00|55|0,00|
|C170|5|21823||400,0000|3|3356,00|0,00|0|000|2102|100|3356,00|7,00|234,92|0,00|0,00|0,00|0|49||0,00|0,00|0,00||0,00|0,0000|0,000|0,0000|0,00||0,00|0,0000|0,000|0,0000|0,00|55|0,00|
|C170|6|21822||400,0000|3|3260,00|0,00|0|000|2102|100|3260,00|7,00|228,20|0,00|0,00|0,00|0|49||0,00|0,00|0,00||0,00|0,0000|0,000|0,0000|0,00||0,00|0,0000|0,000|0,0000|0,00|55|0,00|
|C170|7|21821||400,0000|3|3672,00|0,00|0|000|2102|100|3672,00|7,00|257,04|0,00|0,00|0,00|0|49||0,00|0,00|0,00||0,00|0,0000|0,000|0,0000|0,00||0,00|0,0000|0,000|0,0000|0,00|55|0,00|
|C170|8|25137||100,0000|3|256,00|0,00|0|100|2102|100|256,00|4,00|10,24|0,00|0,00|0,00|0|49||0,00|0,00|0,00||0,00|0,0000|0,000|0,0000|0,00||0,00|0,0000|0,000|0,0000|0,00|55|0,00|
|C170|9|24775||100,0000|3|501,00|0,00|0|100|2102|100|501,00|4,00|20,04|0,00|0,00|0,00|0|49||0,00|0,00|0,00||0,00|0,0000|0,000|0,0000|0,00||0,00|0,0000|0,000|0,0000|0,00|55|0,00|
|C190|000|2102|7,00|14149,60|14149,60|990,47|0,00|0,00|0,00|0,00||
|C190|100|2102|4,00|4169,38|4140,90|165,64|0,00|0,00|0,00|0,00||
|C100|0|1|FOR000002384|55|00|055|71091|35240174509902000194550550000710911705595932|11012024|11012024|10526,10|1|0,00|0,00|10141,94|1|0,00|0,00|0,00|10141,94|479,44|0,00|0,00|0,00|0,00|0,00|0,00|0,00|
|C110|5||
|C170|1|502.000.212||50,0000|39|6015,50|0,00|0|041|2101|113|6015,50|4,00|240,62|0,00|0,00|0,00|0|00||0,00|0,00|0,00||0,00|0,0000|0,000|0,0000|0,00||0,00|0,0000|0,000|0,0000|0,00|64|0,00|
|C170|2|502.152.295||3,0000|48|1667,76|0,00|0|041|2101|113|1667,76|4,00|66,72|0,00|0,00|0,00|0|00||0,00|0,00|0,00||0,00|0,0000|0,000|0,0000|0,00||0,00|0,0000|0,000|0,0000|0,00|64|0,00|
|C170|3|550.300.050||2,0000|48|434,28|0,00|0|060|2101|113|434,28|7,00|30,40|0,00|0,00|0,00|0|03||0,00|0,00|0,00||0,00|0,0000|0,000|0,0000|0,00||0,00|0,0000|0,000|0,0000|0,00|64|0,00|
|C170|4|550.300.052||2,0000|48|369,14|0,00|0|060|2101|113|369,14|7,00|25,84|0,00|0,00|0,00|0|03||0,00|0,00|0,00||0,00|0,0000|0,000|0,0000|0,00||0,00|0,0000|0,000|0,0000|0,00|64|0,00|
|C170|5|550.002.050||2,0000|48|421,30|0,00|0|000|2101|113|421,30|7,00|29,49|0,00|0,00|0,00|0|03||0,00|0,00|0,00||0,00|0,0000|0,000|0,0000|0,00||0,00|0,0000|0,000|0,0000|0,00|64|0,00|
|C170|6|550.002.052||3,0000|48|537,18|0,00|0|000|2101|113|537,18|7,00|37,60|0,00|0,00|0,00|0|03||0,00|0,00|0,00||0,00|0,0000|0,000|0,0000|0,00||0,00|0,0000|0,000|0,0000|0,00|64|0,00|
|C170|7|550.001.050||2,0000|48|696,78|0,00|0|000|2101|113|696,78|7,00|48,77|0,00|0,00|0,00|0|03||0,00|0,00|0,00||0,00|0,0000|0,000|0,0000|0,00||0,00|0,0000|0,000|0,0000|0,00|64|0,00|
|C190|000|2101|7,00|1655,26|1655,26|115,86|0,00|0,00|0,00|0,00||
|C190|041|2101|4,00|8067,42|7683,26|307,34|0,00|0,00|0,00|0,00||
|C190|060|2101|7,00|803,42|803,42|56,24|0,00|0,00|0,00|0,00||
|C100|0|1|FOR000002387|55|00|001|17503|41240126124320000147550010000175031289255171|22012024|22012024|3052,80|1|0,00|0,00|3052,80|0|0,00|0,00|0,00|3052,80|122,10|0,00|0,00|0,00|0,00|0,00|0,00|0,00|
|C170|1|15133450708||288,0000|539|1221,12|0,00|0|100|2102|100|1221,12|4,00|48,84|0,00|0,00|0,00|0|49||0,00|0,00|0,00||0,00|0,0000|0,000|0,0000|0,00||0,00|0,0000|0,000|0,0000|0,00|55|0,00|
|C170|2|15133450709||288,0000|539|1221,12|0,00|0|100|2102|100|1221,12|4,00|48,84|0,00|0,00|0,00|0|49||0,00|0,00|0,00||0,00|0,0000|0,000|0,0000|0,00||0,00|0,0000|0,000|0,0000|0,00|55|0,00|
|C170|3|15133450710||144,0000|539|610,56|0,00|0|100|2102|100|610,56|4,00|24,42|0,00|0,00|0,00|0|49||0,00|0,00|0,00||0,00|0,0000|0,000|0,0000|0,00||0,00|0,0000|0,000|0,0000|0,00|55|0,00|
|C190|100|2102|4,00|3052,80|3052,80|122,10|0,00|0,00|0,00|0,00||
|C100|0|1|FOR000002395|55|00|001|50811|31240104959430000196550010000508111000508120|16012024|16012024|5142,50|1|0,00|0,00|5142,50|0|0,00|0,00|0,00|5142,50|359,98|0,00|0,00|0,00|0,00|0,00|0,00|0,00|
|C170|1|7898955494642||300,0000|3|1650,00|0,00|0|000|2101|113|1650,00|7,00|115,50|0,00|0,00|0,00|0|03||0,00|0,00|0,00||0,00|0,0000|0,000|0,0000|0,00||0,00|0,0000|0,000|0,0000|0,00|64|0,00|
|C170|2|7898955494713||240,0000|3|561,60|0,00|0|000|2101|113|561,60|7,00|39,31|0,00|0,00|0,00|0|03||0,00|0,00|0,00||0,00|0,0000|0,000|0,0000|0,00||0,00|0,0000|0,000|0,0000|0,00|64|0,00|
|C170|3|7898955494422||50,0000|77|881,50|0,00|0|000|2101|113|881,50|7,00|61,71|0,00|0,00|0,00|0|03||0,00|0,00|0,00||0,00|0,0000|0,000|0,0000|0,00||0,00|0,0000|0,000|0,0000|0,00|64|0,00|
|C170|4|7898955494421||50,0000|77|881,50|0,00|0|000|2101|113|881,50|7,00|61,71|0,00|0,00|0,00|0|03||0,00|0,00|0,00||0,00|0,0000|0,000|0,0000|0,00||0,00|0,0000|0,000|0,0000|0,00|64|0,00|
|C170|5|7898955494639||30,0000|3|522,30|0,00|0|000|2101|113|522,30|7,00|36,56|0,00|0,00|0,00|0|03||0,00|0,00|0,00||0,00|0,0000|0,000|0,0000|0,00||0,00|0,0000|0,000|0,0000|0,00|64|0,00|
|C170|6|7898955494638||120,0000|3|645,60|0,00|0|000|2101|113|645,60|7,00|45,19|0,00|0,00|0,00|0|03||0,00|0,00|0,00||0,00|0,0000|0,000|0,0000|0,00||0,00|0,0000|0,000|0,0000|0,00|64|0,00|
|C190|000|2101|7,00|5142,50|5142,50|359,98|0,00|0,00|0,00|0,00||
|C100|0|1|FOR000002408|55|00|001|70289|51240105961048000180550010000702891070808770|16012024|16012024|1356,90|1|112,10|0,00|1469,00|0|0,00|0,00|0,00|1356,90|230,67|0,00|0,00|0,00|0,00|0,00|0,00|0,00|
|C170|1|5275||58,0000|3|551,00|55,10|0|000|1102|100|495,90|17,00|84,30|0,00|0,00|0,00|0|49||0,00|0,00|0,00||0,00|0,0000|0,000|0,0000|0,00||0,00|0,0000|0,000|0,0000|0,00|55|0,00|
|C170|2|5176||60,0000|3|570,00|57,00|0|000|1102|100|513,00|17,00|87,21|0,00|0,00|0,00|0|49||0,00|0,00|0,00||0,00|0,0000|0,000|0,0000|0,00||0,00|0,0000|0,000|0,0000|0,00|55|0,00|
|C170|3|5073||2,0000|134|348,00|0,00|0|000|1102|100|348,00|17,00|59,16|0,00|0,00|0,00|0|49||0,00|0,00|0,00||0,00|0,0000|0,000|0,0000|0,00||0,00|0,0000|0,000|0,0000|0,00|55|0,00|
|C190|000|1102|17,00|1356,90|1356,90|230,67|0,00|0,00|0,00|0,00||
|C100|0|1|FOR000002444|55|00|001|78|35240105036851000108550010000000781979511082|05012024|05012024|1346,30|1|0,00|0,00|1346,30|1|0,00|0,00|0,00|1346,30|94,24|0,00|0,00|0,00|0,00|0,00|0,00|0,00|
|C170|1|PS0860-0040||24,0000|7|475,20|0,00|0|000|2102|100|475,20|7,00|33,26|0,00|0,00|0,00|0|49||0,00|0,00|0,00||0,00|0,0000|0,000|0,0000|0,00||0,00|0,0000|0,000|0,0000|0,00|55|0,00|
|C170|2|PS0850-0040||15,0000|7|364,50|0,00|0|000|2102|100|364,50|7,00|25,52|0,00|0,00|0,00|0|49||0,00|0,00|0,00||0,00|0,0000|0,000|0,0000|0,00||0,00|0,0000|0,000|0,0000|0,00|55|0,00|
|C170|3|PS0840-0040||4,0000|7|107,60|0,00|0|000|2102|100|107,60|7,00|7,53|0,00|0,00|0,00|0|49||0,00|0,00|0,00||0,00|0,0000|0,000|0,0000|0,00||0,00|0,0000|0,000|0,0000|0,00|55|0,00|
|C170|4|PS0852-0040||15,0000|7|399,00|0,00|0|000|2102|100|399,00|7,00|27,93|0,00|0,00|0,00|0|49||0,00|0,00|0,00||0,00|0,0000|0,000|0,0000|0,00||0,00|0,0000|0,000|0,0000|0,00|55|0,00|
|C190|000|2102|7,00|1346,30|1346,30|94,24|0,00|0,00|0,00|0,00||
|C100|0|1|FOR000002450|55|00|000|680|35240117731975000354550000000006801247950073|30012024|30012024|7990,00|2|0,00|0,00|7990,00|0|0,00|0,00|0,00|0,00|0,00|0,00|0,00|0,00|0,00|0,00|0,00|0,00|
|C170|1|202.00001||1,0000|3|7990,00|0,00|0|000|2916|151|0,00|0,00|0,00|0,00|0,00|0,00|0|49||0,00|0,00|0,00||0,00|0,0000|0,000|0,0000|0,00||0,00|0,0000|0,000|0,0000|0,00||0,00|
|C190|000|2916|0,00|7990,00|0,00|0,00|0,00|0,00|0,00|0,00||
|C100|0|1|FOR000002459|55|00|001|11208|41240148015552000108550010000112081473164600|16012024|16012024|4622,94|1|0,00|0,00|4622,94|0|0,00|0,00|0,00|0,00|0,00|0,00|0,00|0,00|0,00|0,00|0,00|0,00|
|C170|1|110010-450R||5,0000|48|298,87|0,00|0|010|2403|104|0,00|0,00|0,00|0,00|0,00|0,00|0|49||0,00|0,00|0,00||0,00|0,0000|0,000|0,0000|0,00||0,00|0,0000|0,000|0,0000|0,00|55|0,00|
|C170|2|110013-450||5,0000|48|445,82|0,00|0|010|2403|104|0,00|0,00|0,00|0,00|0,00|0,00|0|49||0,00|0,00|0,00||0,00|0,0000|0,000|0,0000|0,00||0,00|0,0000|0,000|0,0000|0,00|55|0,00|
|C170|3|110010-450||5,0000|48|445,82|0,00|0|010|2403|104|0,00|0,00|0,00|0,00|0,00|0,00|0|49||0,00|0,00|0,00||0,00|0,0000|0,000|0,0000|0,00||0,00|0,0000|0,000|0,0000|0,00|55|0,00|
|C170|4|340056-02||5,0000|48|857,86|0,00|0|010|2403|104|0,00|0,00|0,00|0,00|0,00|0,00|0|49||0,00|0,00|0,00||0,00|0,0000|0,000|0,0000|0,00||0,00|0,0000|0,000|0,0000|0,00|55|0,00|
|C170|5|350002-01||1,0000|48|165,99|0,00|0|010|2403|104|0,00|0,00|0,00|0,00|0,00|0,00|0|49||0,00|0,00|0,00||0,00|0,0000|0,000|0,0000|0,00||0,00|0,0000|0,000|0,0000|0,00|55|0,00|
|C170|6|350000-02||1,0000|48|232,47|0,00|0|010|2403|104|0,00|0,00|0,00|0,00|0,00|0,00|0|49||0,00|0,00|0,00||0,00|0,0000|0,000|0,0000|0,00||0,00|0,0000|0,000|0,0000|0,00|55|0,00|
|C170|7|350001-01||1,0000|48|182,59|0,00|0|010|2403|104|0,00|0,00|0,00|0,00|0,00|0,00|0|49||0,00|0,00|0,00||0,00|0,0000|0,000|0,0000|0,00||0,00|0,0000|0,000|0,0000|0,00|55|0,00|
|C170|8|350001-04||1,0000|48|182,59|0,00|0|010|2403|104|0,00|0,00|0,00|0,00|0,00|0,00|0|49||0,00|0,00|0,00||0,00|0,0000|0,000|0,0000|0,00||0,00|0,0000|0,000|0,0000|0,00|55|0,00|
|C170|9|350001-03||1,0000|48|190,03|0,00|0|010|2403|104|0,00|0,00|0,00|0,00|0,00|0,00|0|49||0,00|0,00|0,00||0,00|0,0000|0,000|0,0000|0,00||0,00|0,0000|0,000|0,0000|0,00|55|0,00|
|C170|10|350001-05||1,0000|48|182,59|0,00|0|010|2403|104|0,00|0,00|0,00|0,00|0,00|0,00|0|49||0,00|0,00|0,00||0,00|0,0000|0,000|0,0000|0,00||0,00|0,0000|0,000|0,0000|0,00|55|0,00|
|C170|11|160057-500||3,0000|48|251,13|0,00|0|010|2403|104|0,00|0,00|0,00|0,00|0,00|0,00|0|49||0,00|0,00|0,00||0,00|0,0000|0,000|0,0000|0,00||0,00|0,0000|0,000|0,0000|0,00|55|0,00|
|C170|12|160088-1||3,0000|48|382,17|0,00|0|010|2403|104|0,00|0,00|0,00|0,00|0,00|0,00|0|49||0,00|0,00|0,00||0,00|0,0000|0,000|0,0000|0,00||0,00|0,0000|0,000|0,0000|0,00|55|0,00|
|C170|13|340325-02||3,0000|48|805,01|0,00|0|010|2403|104|0,00|0,00|0,00|0,00|0,00|0,00|0|49||0,00|0,00|0,00||0,00|0,0000|0,000|0,0000|0,00||0,00|0,0000|0,000|0,0000|0,00|55|0,00|
|C190|010|2403|0,00|4622,94|0,00|0,00|0,00|0,00|0,00|0,00||
|C100|0|1|FOR000002460|55|00|001|1022|51240120534561000188550010000010221043277000|22012024|22012024|6600,00|0|0,00|0,00|6600,00|9|0,00|0,00|0,00|0,00|0,00|0,00|0,00|0,00|0,00|0,00|0,00|0,00|
|C170|1|000000001589||17,0000|3|42,50|0,00|0|101|1102|100|0,00|0,00|0,00|0,00|0,00|0,00|0|49||0,00|0,00|0,00||0,00|0,0000|0,000|0,0000|0,00||0,00|0,0000|0,000|0,0000|0,00|55|0,00|
|C170|2|10100300202560||1,0000|3|20,00|0,00|0|101|1102|100|0,00|0,00|0,00|0,00|0,00|0,00|0|49||0,00|0,00|0,00||0,00|0,0000|0,000|0,0000|0,00||0,00|0,0000|0,000|0,0000|0,00|55|0,00|
|C170|3|789663767738||1,0000|3|220,00|0,00|0|101|1102|100|0,00|0,00|0,00|0,00|0,00|0,00|0|49||0,00|0,00|0,00||0,00|0,0000|0,000|0,0000|0,00||0,00|0,0000|0,000|0,0000|0,00|55|0,00|
|C170|4|789663768869||34,0000|3|183,60|0,00|0|102|1102|100|0,00|0,00|0,00|0,00|0,00|0,00|0|49||0,00|0,00|0,00||0,00|0,0000|0,000|0,0000|0,00||0,00|0,0000|0,000|0,0000|0,00|55|0,00|
|C170|5|789855509216||250,0000|3|537,50|0,00|0|101|1102|100|0,00|0,00|0,00|0,00|0,00|0,00|0|49||0,00|0,00|0,00||0,00|0,0000|0,000|0,0000|0,00||0,00|0,0000|0,000|0,0000|0,00|55|0,00|
|C170|6|10100300202565||1000,0000|3|1680,00|0,00|0|102|1102|100|0,00|0,00|0,00|0,00|0,00|0,00|0|49||0,00|0,00|0,00||0,00|0,0000|0,000|0,0000|0,00||0,00|0,0000|0,000|0,0000|0,00|55|0,00|
|C170|7|000000011657||1,0000|3|40,00|0,00|0|101|1102|100|0,00|0,00|0,00|0,00|0,00|0,00|0|49||0,00|0,00|0,00||0,00|0,0000|0,000|0,0000|0,00||0,00|0,0000|0,000|0,0000|0,00|55|0,00|
|C170|8|10100300202563||3,0000|3|510,00|0,00|0|101|1102|100|0,00|0,00|0,00|0,00|0,00|0,00|0|49||0,00|0,00|0,00||0,00|0,0000|0,000|0,0000|0,00||0,00|0,0000|0,000|0,0000|0,00|55|0,00|
|C170|9|789663769730||16,0000|3|2904,00|0,00|0|101|1102|100|0,00|0,00|0,00|0,00|0,00|0,00|0|49||0,00|0,00|0,00||0,00|0,0000|0,000|0,0000|0,00||0,00|0,0000|0,000|0,0000|0,00|55|0,00|
|C170|10|789663763220||1,0000|3|190,20|0,00|0|101|1102|100|0,00|0,00|0,00|0,00|0,00|0,00|0|49||0,00|0,00|0,00||0,00|0,0000|0,000|0,0000|0,00||0,00|0,0000|0,000|0,0000|0,00|55|0,00|
|C170|11|789663769178||16,0000|3|240,00|0,00|0|102|1102|100|0,00|0,00|0,00|0,00|0,00|0,00|0|49||0,00|0,00|0,00||0,00|0,0000|0,000|0,0000|0,00||0,00|0,0000|0,000|0,0000|0,00|55|0,00|
|C170|12|10100300202559||28,0000|381|32,20|0,00|0|101|1102|100|0,00|0,00|0,00|0,00|0,00|0,00|0|49||0,00|0,00|0,00||0,00|0,0000|0,000|0,0000|0,00||0,00|0,0000|0,000|0,0000|0,00|55|0,00|
|C190|101|1102|0,00|4496,40|0,00|0,00|0,00|0,00|0,00|0,00||
|C190|102|1102|0,00|2103,60|0,00|0,00|0,00|0,00|0,00|0,00||
|C100|0|1|FOR000002461|55|00|002|7328|35240160874724001087550020000073281551786535|31012024|31012024|302,79|1|0,00|0,00|302,79|0|0,00|0,00|0,00|302,79|12,11|0,00|0,00|0,00|0,00|0,00|0,00|0,00|
|C170|1|1001212DMGH14R1||50,0000|10|302,79|0,00|0|100|2102|100|302,79|4,00|12,11|0,00|0,00|0,00|0|49||0,00|0,00|0,00||0,00|0,0000|0,000|0,0000|0,00||0,00|0,0000|0,000|0,0000|0,00|55|0,00|
|C190|100|2102|4,00|302,79|302,79|12,11|0,00|0,00|0,00|0,00||
|C100|1|0||65|00|001|3507|51240107731241000150650010000035071463665933|02012024|02012024|24,00|0|0,00|0,00|24,00|9|0,00|0,00|0,00|0,00|0,00||||||||
|C190|060|5405|0,00|24,00|0,00|0,00|0,00|0,00|0,00|0,00||
|C100|1|0||65|00|001|3508|51240107731241000150650010000035081970388776|02012024|02012024|3,75|0|0,00|0,00|3,75|9|0,00|0,00|0,00|0,00|0,00||||||||
|C190|060|5405|0,00|3,75|0,00|0,00|0,00|0,00|0,00|0,00||
|C100|1|0||65|00|001|3509|51240107731241000150650010000035091300654074|02012024|02012024|105,50|1|0,00|0,00|105,50|9|0,00|0,00|0,00|0,00|0,00||||||||
|C190|060|5405|0,00|9,50|0,00|0,00|0,00|0,00|0,00|0,00||
|C190|102|5101|0,00|96,00|0,00|0,00|0,00|0,00|0,00|0,00||
|C100|1|0||65|00|001|3510|51240107731241000150650010000035101402044632|02012024|02012024|21,90|0|0,00|0,00|21,90|9|0,00|0,00|0,00|0,00|0,00||||||||
|C190|060|5405|0,00|21,90|0,00|0,00|0,00|0,00|0,00|0,00||
|C100|1|0||65|00|001|3511|51240107731241000150650010000035111187727669|02012024|02012024|342,10|1|0,00|0,00|342,10|9|0,00|0,00|0,00|0,00|0,00||||||||
|C190|060|5405|0,00|271,70|0,00|0,00|0,00|0,00|0,00|0,00||
|C190|102|5101|0,00|41,90|0,00|0,00|0,00|0,00|0,00|0,00||
|C190|102|5102|0,00|28,50|0,00|0,00|0,00|0,00|0,00|0,00||
|C100|1|0||65|00|001|3512|51240107731241000150650010000035121791938839|03012024|03012024|20,00|1|0,00|0,00|20,00|9|0,00|0,00|0,00|0,00|0,00||||||||
|C190|102|5101|0,00|20,00|0,00|0,00|0,00|0,00|0,00|0,00||
|C100|1|0||65|00|001|3513|51240107731241000150650010000035131634907291|03012024|03012024|59,50|1|0,00|0,00|59,50|9|0,00|0,00|0,00|0,00|0,00||||||||
|C190|060|5405|0,00|40,00|0,00|0,00|0,00|0,00|0,00|0,00||
|C190|102|5101|0,00|10,00|0,00|0,00|0,00|0,00|0,00|0,00||
|C190|102|5102|0,00|9,50|0,00|0,00|0,00|0,00|0,00|0,00||
|C100|1|0||65|00|001|3514|51240107731241000150650010000035141474727409|03012024|03012024|19,25|0|0,00|0,00|19,25|9|0,00|0,00|0,00|0,00|0,00||||||||
|C190|060|5405|0,00|19,25|0,00|0,00|0,00|0,00|0,00|0,00||
|C100|1|0||65|02|001|3516|51240107731241000150650010000035161806330851|||||||||||||||||||||
|C100|1|0||65|00|001|3517|51240107731241000150650010000035171838006470|05012024|05012024|9,00|0|0,00|0,00|9,00|9|0,00|0,00|0,00|0,00|0,00||||||||
|C190|102|5102|0,00|9,00|0,00|0,00|0,00|0,00|0,00|0,00||
|C100|1|0||65|00|001|3518|51240107731241000150650010000035181114378240|05012024|05012024|16,00|1|0,00|0,00|16,00|9|0,00|0,00|0,00|0,00|0,00||||||||
|C190|102|5101|0,00|16,00|0,00|0,00|0,00|0,00|0,00|0,00||
|C100|1|0||65|00|001|3519|51240107731241000150650010000035191183927300|05012024|05012024|15,00|1|0,00|0,00|15,00|9|0,00|0,00|0,00|0,00|0,00||||||||
|C190|102|5101|0,00|15,00|0,00|0,00|0,00|0,00|0,00|0,00||
|C100|1|0||65|00|001|3520|51240107731241000150650010000035201379558864|05012024|05012024|20,00|1|0,00|0,00|20,00|9|0,00|0,00|0,00|0,00|0,00||||||||
|C190|102|5101|0,00|20,00|0,00|0,00|0,00|0,00|0,00|0,00||
|C100|1|0||65|00|001|3521|51240107731241000150650010000035211345076643|08012024|08012024|35,00|1|0,00|0,00|35,00|9|0,00|0,00|0,00|0,00|0,00||||||||
|C190|102|5101|0,00|35,00|0,00|0,00|0,00|0,00|0,00|0,00||
|C100|1|0||65|00|001|3522|51240107731241000150650010000035221890183018|08012024|08012024|120,00|0|0,00|0,00|120,00|9|0,00|0,00|0,00|0,00|0,00||||||||
|C190|060|5405|0,00|120,00|0,00|0,00|0,00|0,00|0,00|0,00||
|C100|1|0||65|00|001|3523|51240107731241000150650010000035231226480119|08012024|08012024|54,00|1|0,00|0,00|54,00|9|0,00|0,00|0,00|0,00|0,00||||||||
|C190|060|5405|0,00|12,00|0,00|0,00|0,00|0,00|0,00|0,00||
|C190|102|5101|0,00|42,00|0,00|0,00|0,00|0,00|0,00|0,00||
|C100|1|0||65|00|001|3524|51240107731241000150650010000035241877304464|08012024|08012024|15,00|1|0,00|0,00|15,00|9|0,00|0,00|0,00|0,00|0,00||||||||
|C190|102|5101|0,00|15,00|0,00|0,00|0,00|0,00|0,00|0,00||
|C100|1|0||65|00|001|3525|51240107731241000150650010000035251821964229|09012024|09012024|24,00|1|0,00|0,00|24,00|9|0,00|0,00|0,00|0,00|0,00||||||||
|C190|102|5101|0,00|6,00|0,00|0,00|0,00|0,00|0,00|0,00||
|C190|102|5102|0,00|18,00|0,00|0,00|0,00|0,00|0,00|0,00||
|C100|1|0||65|00|001|3526|51240107731241000150650010000035261743451556|09012024|09012024|33,50|1|0,00|0,00|33,50|9|0,00|0,00|0,00|0,00|0,00||||||||
|C190|060|5405|0,00|9,50|0,00|0,00|0,00|0,00|0,00|0,00||
|C190|102|5101|0,00|24,00|0,00|0,00|0,00|0,00|0,00|0,00||
|C100|1|0||65|00|001|3527|51240107731241000150650010000035271878284116|09012024|09012024|161,90|1|0,00|0,00|161,90|9|0,00|0,00|0,00|0,00|0,00||||||||
|C190|060|5405|0,00|70,90|0,00|0,00|0,00|0,00|0,00|0,00||
|C190|102|5101|0,00|91,00|0,00|0,00|0,00|0,00|0,00|0,00||
|C100|1|0||65|00|001|3528|51240107731241000150650010000035281130919345|09012024|09012024|36,00|0|0,00|0,00|36,00|9|0,00|0,00|0,00|0,00|0,00||||||||
|C190|060|5405|0,00|36,00|0,00|0,00|0,00|0,00|0,00|0,00||
|C100|1|0||65|00|001|3529|51240107731241000150650010000035291773528036|09012024|09012024|100,00|1|0,00|0,00|100,00|9|0,00|0,00|0,00|0,00|0,00||||||||
|C190|102|5101|0,00|100,00|0,00|0,00|0,00|0,00|0,00|0,00||
|C100|1|0||65|00|001|3530|51240107731241000150650010000035301270965070|10012024|10012024|29,80|0|0,00|0,00|29,80|9|0,00|0,00|0,00|0,00|0,00||||||||
|C190|060|5405|0,00|29,80|0,00|0,00|0,00|0,00|0,00|0,00||
|C100|1|0||65|00|001|3531|51240107731241000150650010000035311996167040|10012024|10012024|35,00|1|0,00|0,00|35,00|9|0,00|0,00|0,00|0,00|0,00||||||||
|C190|060|5405|0,00|22,00|0,00|0,00|0,00|0,00|0,00|0,00||
|C190|102|5101|0,00|13,00|0,00|0,00|0,00|0,00|0,00|0,00||
|C100|1|0||65|00|001|3532|51240107731241000150650010000035321384572250|10012024|10012024|19,80|0|0,00|0,00|19,80|9|0,00|0,00|0,00|0,00|0,00||||||||
|C190|060|5405|0,00|19,80|0,00|0,00|0,00|0,00|0,00|0,00||
|C100|1|0||65|00|001|3533|51240107731241000150650010000035331581221911|10012024|10012024|39,00|1|0,00|0,00|39,00|9|0,00|0,00|0,00|0,00|0,00||||||||
|C190|102|5101|0,00|39,00|0,00|0,00|0,00|0,00|0,00|0,00||
|C100|1|0||65|00|001|3534|51240107731241000150650010000035341571820798|10012024|10012024|75,40|1|0,00|0,00|75,40|9|0,00|0,00|0,00|0,00|0,00||||||||
|C190|060|5405|0,00|25,60|0,00|0,00|0,00|0,00|0,00|0,00||
|C190|102|5101|0,00|13,00|0,00|0,00|0,00|0,00|0,00|0,00||
|C190|102|5102|0,00|36,80|0,00|0,00|0,00|0,00|0,00|0,00||
|C100|1|0||65|00|001|3535|51240107731241000150650010000035351842959182|10012024|10012024|53,00|1|0,00|0,00|53,00|9|0,00|0,00|0,00|0,00|0,00||||||||
|C190|060|5405|0,00|40,00|0,00|0,00|0,00|0,00|0,00|0,00||
|C190|102|5101|0,00|13,00|0,00|0,00|0,00|0,00|0,00|0,00||
|C100|1|0||65|00|001|3536|51240107731241000150650010000035361132597436|11012024|11012024|24,00|0|0,00|0,00|24,00|9|0,00|0,00|0,00|0,00|0,00||||||||
|C190|060|5405|0,00|24,00|0,00|0,00|0,00|0,00|0,00|0,00||
|C100|1|0||65|00|001|3537|51240107731241000150650010000035371906634682|11012024|11012024|27,50|0|0,00|0,00|27,50|9|0,00|0,00|0,00|0,00|0,00||||||||
|C190|060|5405|0,00|27,50|0,00|0,00|0,00|0,00|0,00|0,00||
|C100|1|0||65|00|001|3538|51240107731241000150650010000035381394973928|11012024|11012024|21,00|0|0,00|0,00|21,00|9|0,00|0,00|0,00|0,00|0,00||||||||
|C190|102|5102|0,00|21,00|0,00|0,00|0,00|0,00|0,00|0,00||
|C100|1|0||65|00|001|3539|51240107731241000150650010000035391573005753|11012024|11012024|15,00|0|0,00|0,00|15,00|9|0,00|0,00|0,00|0,00|0,00||||||||
|C190|102|5102|0,00|15,00|0,00|0,00|0,00|0,00|0,00|0,00||
|C100|1|0||65|00|001|3540|51240107731241000150650010000035401767229330|12012024|12012024|25,00|1|0,00|0,00|25,00|9|0,00|0,00|0,00|0,00|0,00||||||||
|C190|102|5101|0,00|25,00|0,00|0,00|0,00|0,00|0,00|0,00||
|C100|1|0||65|00|001|3541|51240107731241000150650010000035411677631993|12012024|12012024|206,10|1|0,00|0,00|206,10|9|0,00|0,00|0,00|0,00|0,00||||||||
|C190|060|5405|0,00|199,60|0,00|0,00|0,00|0,00|0,00|0,00||
|C190|102|5101|0,00|6,50|0,00|0,00|0,00|0,00|0,00|0,00||
|C100|1|0||65|00|001|3542|51240107731241000150650010000035421136755432|12012024|12012024|20,00|0|0,00|0,00|20,00|9|0,00|0,00|0,00|0,00|0,00||||||||
|C190|060|5405|0,00|20,00|0,00|0,00|0,00|0,00|0,00|0,00||
|C100|1|0||65|00|001|3543|51240107731241000150650010000035431164257058|12012024|12012024|36,50|0|0,00|0,00|36,50|9|0,00|0,00|0,00|0,00|0,00||||||||
|C190|060|5405|0,00|36,50|0,00|0,00|0,00|0,00|0,00|0,00||
|C100|1|0||65|00|001|3544|51240107731241000150650010000035441568724453|12012024|12012024|106,00|1|0,00|0,00|106,00|9|0,00|0,00|0,00|0,00|0,00||||||||
|C190|060|5405|0,00|60,00|0,00|0,00|0,00|0,00|0,00|0,00||
|C190|102|5101|0,00|36,00|0,00|0,00|0,00|0,00|0,00|0,00||
|C190|102|5102|0,00|10,00|0,00|0,00|0,00|0,00|0,00|0,00||
|C100|1|0||65|00|001|3545|51240107731241000150650010000035451467093242|15012024|15012024|103,90|1|0,00|0,00|103,90|9|0,00|0,00|0,00|0,00|0,00||||||||
|C190|060|5405|0,00|32,00|0,00|0,00|0,00|0,00|0,00|0,00||
|C190|102|5101|0,00|52,00|0,00|0,00|0,00|0,00|0,00|0,00||
|C190|102|5102|0,00|19,90|0,00|0,00|0,00|0,00|0,00|0,00||
|C100|1|0||65|00|001|3546|51240107731241000150650010000035461339297179|15012024|15012024|30,50|0|0,00|0,00|30,50|9|0,00|0,00|0,00|0,00|0,00||||||||
|C190|060|5405|0,00|12,50|0,00|0,00|0,00|0,00|0,00|0,00||
|C190|102|5102|0,00|18,00|0,00|0,00|0,00|0,00|0,00|0,00||
|C100|1|0||65|00|001|3547|51240107731241000150650010000035471126431924|15012024|15012024|91,00|0|0,00|0,00|91,00|9|0,00|0,00|0,00|0,00|0,00||||||||
|C190|060|5405|0,00|15,00|0,00|0,00|0,00|0,00|0,00|0,00||
|C190|102|5102|0,00|76,00|0,00|0,00|0,00|0,00|0,00|0,00||
|C100|1|0||65|00|001|3548|51240107731241000150650010000035481958194130|15012024|15012024|13,00|1|0,00|0,00|13,00|9|0,00|0,00|0,00|0,00|0,00||||||||
|C190|060|5405|0,00|6,00|0,00|0,00|0,00|0,00|0,00|0,00||
|C190|102|5101|0,00|7,00|0,00|0,00|0,00|0,00|0,00|0,00||
|C100|1|0||65|00|001|3549|51240107731241000150650010000035491593471799|15012024|15012024|142,00|1|0,00|0,00|142,00|9|0,00|0,00|0,00|0,00|0,00||||||||
|C190|102|5101|0,00|21,00|0,00|0,00|0,00|0,00|0,00|0,00||
|C190|102|5102|0,00|121,00|0,00|0,00|0,00|0,00|0,00|0,00||
|C100|1|0||65|00|001|3550|51240107731241000150650010000035501461868730|16012024|16012024|14,00|1|0,00|0,00|14,00|9|0,00|0,00|0,00|0,00|0,00||||||||
|C190|102|5101|0,00|14,00|0,00|0,00|0,00|0,00|0,00|0,00||
|C100|1|0||65|00|001|3551|51240107731241000150650010000035511285700582|16012024|16012024|45,00|0|0,00|0,00|45,00|9|0,00|0,00|0,00|0,00|0,00||||||||
|C190|060|5405|0,00|45,00|0,00|0,00|0,00|0,00|0,00|0,00||
|C100|1|0||65|00|001|3552|51240107731241000150650010000035521260761526|16012024|16012024|80,00|1|0,00|0,00|80,00|9|0,00|0,00|0,00|0,00|0,00||||||||
|C190|102|5101|0,00|80,00|0,00|0,00|0,00|0,00|0,00|0,00||
|C100|1|0||65|00|001|3553|51240107731241000150650010000035531415178575|16012024|16012024|14,90|1|0,00|0,00|14,90|9|0,00|0,00|0,00|0,00|0,00||||||||
|C190|060|5405|0,00|6,00|0,00|0,00|0,00|0,00|0,00|0,00||
|C190|102|5101|0,00|8,90|0,00|0,00|0,00|0,00|0,00|0,00||
|C100|1|0||65|00|001|3555|51240107731241000150650010000035551582481990|16012024|16012024|25,00|0|0,00|0,00|25,00|9|0,00|0,00|0,00|0,00|0,00||||||||
|C190|060|5405|0,00|25,00|0,00|0,00|0,00|0,00|0,00|0,00||
|C100|1|0||65|00|001|3556|51240107731241000150650010000035561575977583|16012024|16012024|145,00|1|0,00|0,00|145,00|9|0,00|0,00|0,00|0,00|0,00||||||||
|C190|060|5405|0,00|59,00|0,00|0,00|0,00|0,00|0,00|0,00||
|C190|102|5101|0,00|86,00|0,00|0,00|0,00|0,00|0,00|0,00||
|C100|1|0||65|00|001|3557|51240107731241000150650010000035571218803000|17012024|17012024|38,00|0|0,00|0,00|38,00|9|0,00|0,00|0,00|0,00|0,00||||||||
|C190|060|5405|0,00|20,00|0,00|0,00|0,00|0,00|0,00|0,00||
|C190|102|5102|0,00|18,00|0,00|0,00|0,00|0,00|0,00|0,00||
|C100|1|0||65|00|001|3558|51240107731241000150650010000035581392547657|17012024|17012024|21,00|1|0,00|0,00|21,00|9|0,00|0,00|0,00|0,00|0,00||||||||
|C190|102|5101|0,00|21,00|0,00|0,00|0,00|0,00|0,00|0,00||
|C100|1|0||65|00|001|3559|51240107731241000150650010000035591316875000|17012024|17012024|83,00|0|0,00|0,00|83,00|9|0,00|0,00|0,00|0,00|0,00||||||||
|C190|060|5405|0,00|80,00|0,00|0,00|0,00|0,00|0,00|0,00||
|C190|102|5102|0,00|3,00|0,00|0,00|0,00|0,00|0,00|0,00||
|C100|1|0||65|00|001|3560|51240107731241000150650010000035601392324885|17012024|17012024|25,50|0|0,00|0,00|25,50|9|0,00|0,00|0,00|0,00|0,00||||||||
|C190|102|5102|0,00|25,50|0,00|0,00|0,00|0,00|0,00|0,00||
|C100|1|0||65|00|001|3561|51240107731241000150650010000035611205014519|17012024|17012024|28,00|1|0,00|0,00|28,00|9|0,00|0,00|0,00|0,00|0,00||||||||
|C190|102|5101|0,00|28,00|0,00|0,00|0,00|0,00|0,00|0,00||
|C100|1|0||65|00|001|3562|51240107731241000150650010000035621579372462|18012024|18012024|39,00|1|0,00|0,00|39,00|9|0,00|0,00|0,00|0,00|0,00||||||||
|C190|102|5101|0,00|39,00|0,00|0,00|0,00|0,00|0,00|0,00||
|C100|1|0||65|00|001|3563|51240107731241000150650010000035631423119058|18012024|18012024|77,00|0|0,00|0,00|77,00|9|0,00|0,00|0,00|0,00|0,00||||||||
|C190|060|5405|0,00|23,00|0,00|0,00|0,00|0,00|0,00|0,00||
|C190|102|5102|0,00|54,00|0,00|0,00|0,00|0,00|0,00|0,00||
|C100|1|0||65|00|001|3564|51240107731241000150650010000035641110673991|18012024|18012024|110,00|0|0,00|0,00|110,00|9|0,00|0,00|0,00|0,00|0,00||||||||
|C190|060|5405|0,00|110,00|0,00|0,00|0,00|0,00|0,00|0,00||
|C100|1|0||65|00|001|3565|51240107731241000150650010000035651454950330|18012024|18012024|65,00|1|0,00|0,00|65,00|9|0,00|0,00|0,00|0,00|0,00||||||||
|C190|102|5101|0,00|20,00|0,00|0,00|0,00|0,00|0,00|0,00||
|C190|102|5102|0,00|45,00|0,00|0,00|0,00|0,00|0,00|0,00||
|C100|1|0||65|00|001|3566|51240107731241000150650010000035661914900819|19012024|19012024|37,00|1|0,00|0,00|37,00|9|0,00|0,00|0,00|0,00|0,00||||||||
|C190|060|5405|0,00|18,00|0,00|0,00|0,00|0,00|0,00|0,00||
|C190|102|5101|0,00|6,00|0,00|0,00|0,00|0,00|0,00|0,00||
|C190|102|5102|0,00|13,00|0,00|0,00|0,00|0,00|0,00|0,00||
|C100|1|0||65|00|001|3567|51240107731241000150650010000035671694305809|19012024|19012024|15,00|0|0,00|0,00|15,00|9|0,00|0,00|0,00|0,00|0,00||||||||
|C190|060|5405|0,00|15,00|0,00|0,00|0,00|0,00|0,00|0,00||
|C100|1|0||65|00|001|3568|51240107731241000150650010000035681948394040|22012024|22012024|40,00|1|0,00|0,00|40,00|9|0,00|0,00|0,00|40,00|6,80||||||||
|C190|000|5101|17,00|40,00|40,00|6,80|0,00|0,00|0,00|0,00||
|C100|1|0||65|00|001|3569|51240107731241000150650010000035691778998184|22012024|22012024|9,90|0|0,00|0,00|9,90|9|0,00|0,00|0,00|9,90|1,68||||||||
|C190|000|5102|17,00|9,90|9,90|1,68|0,00|0,00|0,00|0,00||
|C100|1|0||65|00|001|3570|51240107731241000150650010000035701342725530|23012024|23012024|240,00|1|0,00|0,00|240,00|9|0,00|0,00|0,00|120,00|20,40||||||||
|C190|000|5101|17,00|120,00|120,00|20,40|0,00|0,00|0,00|0,00||
|C190|060|5405|0,00|120,00|0,00|0,00|0,00|0,00|0,00|0,00||
|C100|1|0||65|00|001|3571|51240107731241000150650010000035711886969244|23012024|23012024|26,00|0|0,00|0,00|26,00|9|0,00|0,00|0,00|0,00|0,00||||||||
|C190|060|5405|0,00|26,00|0,00|0,00|0,00|0,00|0,00|0,00||
|C100|1|0||65|00|001|3572|51240107731241000150650010000035721943815210|23012024|23012024|18,50|0|0,00|0,00|18,50|9|0,00|0,00|0,00|0,00|0,00||||||||
|C190|060|5405|0,00|18,50|0,00|0,00|0,00|0,00|0,00|0,00||
|C100|1|0||65|00|001|3573|51240107731241000150650010000035731287122362|23012024|23012024|22,90|1|0,00|0,00|22,90|9|0,00|0,00|0,00|18,00|3,06||||||||
|C190|000|5101|17,00|7,00|7,00|1,19|0,00|0,00|0,00|0,00||
|C190|000|5102|17,00|11,00|11,00|1,87|0,00|0,00|0,00|0,00||
|C190|090|5102|0,00|4,90|0,00|0,00|0,00|0,00|0,00|0,00||
|C100|1|0||65|00|001|3574|51240107731241000150650010000035741792498231|23012024|23012024|54,00|1|0,00|0,00|54,00|9|0,00|0,00|0,00|54,00|9,18||||||||
|C190|000|5101|17,00|54,00|54,00|9,18|0,00|0,00|0,00|0,00||
|C100|1|0||65|00|001|3575|51240107731241000150650010000035751587285679|24012024|24012024|24,00|1|0,00|0,00|24,00|9|0,00|0,00|0,00|24,00|4,08||||||||
|C190|000|5101|17,00|24,00|24,00|4,08|0,00|0,00|0,00|0,00||
|C100|1|0||65|00|001|3576|51240107731241000150650010000035761902810522|24012024|24012024|42,50|0|0,00|0,00|42,50|9|0,00|0,00|0,00|30,00|5,10||||||||
|C190|000|5102|17,00|30,00|30,00|5,10|0,00|0,00|0,00|0,00||
|C190|060|5405|0,00|12,50|0,00|0,00|0,00|0,00|0,00|0,00||
|C100|1|0||65|00|001|3577|51240107731241000150650010000035771573294365|24012024|24012024|34,50|1|0,00|0,00|34,50|9|0,00|0,00|0,00|34,50|5,87||||||||
|C190|000|5101|17,00|14,00|14,00|2,38|0,00|0,00|0,00|0,00||
|C190|000|5102|17,00|20,50|20,50|3,49|0,00|0,00|0,00|0,00||
|C100|1|0||65|00|001|3578|51240107731241000150650010000035781365377528|24012024|24012024|21,00|1|0,00|0,00|21,00|9|0,00|0,00|0,00|21,00|3,57||||||||
|C190|000|5101|17,00|21,00|21,00|3,57|0,00|0,00|0,00|0,00||
|C100|1|0||65|00|001|3579|51240107731241000150650010000035791886372467|24012024|24012024|23,75|1|0,00|0,00|23,75|9|0,00|0,00|0,00|23,75|4,04||||||||
|C190|000|5101|17,00|23,75|23,75|4,04|0,00|0,00|0,00|0,00||
|C100|1|0||65|00|001|3580|51240107731241000150650010000035801414091945|24012024|24012024|15,00|1|0,00|0,00|15,00|9|0,00|0,00|0,00|15,00|2,55||||||||
|C190|000|5101|17,00|15,00|15,00|2,55|0,00|0,00|0,00|0,00||
|C100|1|0||65|00|001|3581|51240107731241000150650010000035811388855170|24012024|24012024|20,00|1|0,00|0,00|20,00|9|0,00|0,00|0,00|20,00|3,40||||||||
|C190|000|5101|17,00|20,00|20,00|3,40|0,00|0,00|0,00|0,00||
|C100|1|0||65|00|001|3582|51240107731241000150650010000035821632394871|25012024|25012024|14,80|1|0,00|0,00|14,80|9|0,00|0,00|0,00|7,80|1,33||||||||
|C190|000|5101|17,00|7,80|7,80|1,33|0,00|0,00|0,00|0,00||
|C190|060|5405|0,00|7,00|0,00|0,00|0,00|0,00|0,00|0,00||
|C100|1|0||65|02|001|3583|51240107731241000150650010000035831538782496|||||||||||||||||||||
|C100|1|0||65|00|001|3584|51240107731241000150650010000035841403287745|25012024|25012024|150,30|1|0,00|0,00|150,30|9|0,00|0,00|0,00|144,30|24,53||||||||
|C190|000|5101|17,00|110,50|110,50|18,79|0,00|0,00|0,00|0,00||
|C190|000|5102|17,00|33,80|33,80|5,74|0,00|0,00|0,00|0,00||
|C190|060|5405|0,00|6,00|0,00|0,00|0,00|0,00|0,00|0,00||
|C100|1|0||65|00|001|3585|51240107731241000150650010000035851150771579|25012024|25012024|32,50|1|0,00|0,00|32,50|9|0,00|0,00|0,00|32,50|5,53||||||||
|C190|000|5101|17,00|15,00|15,00|2,55|0,00|0,00|0,00|0,00||
|C190|000|5102|17,00|17,50|17,50|2,98|0,00|0,00|0,00|0,00||
|C100|1|0||65|00|001|3586|51240107731241000150650010000035861144226456|26012024|26012024|70,90|1|0,00|0,00|70,90|9|0,00|0,00|0,00|70,90|12,05||||||||
|C190|000|5101|17,00|60,00|60,00|10,20|0,00|0,00|0,00|0,00||
|C190|000|5102|17,00|10,90|10,90|1,85|0,00|0,00|0,00|0,00||
|C100|1|0||65|00|001|3587|51240107731241000150650010000035871782466122|26012024|26012024|108,90|1|0,00|0,00|108,90|9|0,00|0,00|0,00|94,00|15,98||||||||
|C190|000|5101|17,00|94,00|94,00|15,98|0,00|0,00|0,00|0,00||
|C190|060|5405|0,00|14,90|0,00|0,00|0,00|0,00|0,00|0,00||
|C100|1|0||65|00|001|3588|51240107731241000150650010000035881341146964|26012024|26012024|22,00|0|0,00|0,00|22,00|9|0,00|0,00|0,00|22,00|3,74||||||||
|C190|000|5102|17,00|22,00|22,00|3,74|0,00|0,00|0,00|0,00||
|C100|1|0||65|00|001|3589|51240107731241000150650010000035891678210073|26012024|26012024|22,40|1|0,00|0,00|22,40|9|0,00|0,00|0,00|18,40|3,13||||||||
|C190|000|5101|17,00|13,40|13,40|2,28|0,00|0,00|0,00|0,00||
|C190|000|5102|17,00|5,00|5,00|0,85|0,00|0,00|0,00|0,00||
|C190|060|5405|0,00|4,00|0,00|0,00|0,00|0,00|0,00|0,00||
|C100|1|0||65|00|001|3590|51240107731241000150650010000035901203720450|26012024|26012024|21,00|1|0,00|0,00|21,00|9|0,00|0,00|0,00|21,00|3,57||||||||
|C190|000|5101|17,00|21,00|21,00|3,57|0,00|0,00|0,00|0,00||
|C100|1|0||65|00|001|3591|51240107731241000150650010000035911464473390|26012024|26012024|12,00|0|0,00|0,00|12,00|9|0,00|0,00|0,00|12,00|2,04||||||||
|C190|000|5102|17,00|12,00|12,00|2,04|0,00|0,00|0,00|0,00||
|C100|1|0||65|00|001|3592|51240107731241000150650010000035921730108292|26012024|26012024|35,00|1|0,00|0,00|35,00|9|0,00|0,00|0,00|35,00|5,95||||||||
|C190|000|5101|17,00|35,00|35,00|5,95|0,00|0,00|0,00|0,00||
|C100|1|0||65|00|001|3593|51240107731241000150650010000035931655769654|29012024|29012024|48,65|1|0,00|0,00|48,65|9|0,00|0,00|0,00|33,75|5,75||||||||
|C190|000|5101|17,00|17,25|17,25|2,94|0,00|0,00|0,00|0,00||
|C190|000|5102|17,00|16,50|16,50|2,81|0,00|0,00|0,00|0,00||
|C190|060|5405|0,00|14,90|0,00|0,00|0,00|0,00|0,00|0,00||
|C100|1|0||65|00|001|3594|51240107731241000150650010000035941573953416|29012024|29012024|67,50|1|0,00|0,00|67,50|9|0,00|0,00|0,00|49,50|8,42||||||||
|C190|000|5101|17,00|7,00|7,00|1,19|0,00|0,00|0,00|0,00||
|C190|000|5102|17,00|42,50|42,50|7,23|0,00|0,00|0,00|0,00||
|C190|060|5405|0,00|18,00|0,00|0,00|0,00|0,00|0,00|0,00||
|C100|1|0||65|00|001|3595|51240107731241000150650010000035951394568582|29012024|29012024|97,75|1|0,00|0,00|97,75|9|0,00|0,00|0,00|97,75|16,62||||||||
|C190|000|5101|17,00|93,00|93,00|15,81|0,00|0,00|0,00|0,00||
|C190|000|5102|17,00|4,75|4,75|0,81|0,00|0,00|0,00|0,00||
|C100|1|0||65|00|001|3596|51240107731241000150650010000035961309758277|29012024|29012024|300,00|0|0,00|0,00|300,00|9|0,00|0,00|0,00|300,00|51,00||||||||
|C190|000|5102|17,00|300,00|300,00|51,00|0,00|0,00|0,00|0,00||
|C100|1|0||65|00|001|3597|51240107731241000150650010000035971455396926|29012024|29012024|17,00|0|0,00|0,00|17,00|9|0,00|0,00|0,00|0,00|0,00||||||||
|C190|060|5405|0,00|17,00|0,00|0,00|0,00|0,00|0,00|0,00||
|C100|1|0||65|00|001|3598|51240107731241000150650010000035981488396353|30012024|30012024|318,30|1|0,00|0,00|318,30|9|0,00|0,00|0,00|268,40|45,63||||||||
|C190|000|5101|17,00|196,50|196,50|33,41|0,00|0,00|0,00|0,00||
|C190|000|5102|17,00|71,90|71,90|12,22|0,00|0,00|0,00|0,00||
|C190|060|5405|0,00|49,90|0,00|0,00|0,00|0,00|0,00|0,00||
|C100|1|0||65|00|001|3599|51240107731241000150650010000035991643267806|30012024|30012024|51,00|1|0,00|0,00|51,00|9|0,00|0,00|0,00|51,00|8,67||||||||
|C190|000|5101|17,00|51,00|51,00|8,67|0,00|0,00|0,00|0,00||
|C100|1|0||65|00|001|3600|51240107731241000150650010000036001339382768|30012024|30012024|15,00|1|0,00|0,00|15,00|9|0,00|0,00|0,00|15,00|2,55||||||||
|C190|000|5101|17,00|15,00|15,00|2,55|0,00|0,00|0,00|0,00||
|C100|1|0||65|00|001|3601|51240107731241000150650010000036011338753140|30012024|30012024|30,00|0|0,00|0,00|30,00|9|0,00|0,00|0,00|30,00|5,10||||||||
|C190|000|5102|17,00|30,00|30,00|5,10|0,00|0,00|0,00|0,00||
|C100|1|0||65|00|001|3602|51240107731241000150650010000036021633170220|31012024|31012024|61,00|1|0,00|0,00|61,00|9|0,00|0,00|0,00|61,00|10,37||||||||
|C190|000|5101|17,00|42,00|42,00|7,14|0,00|0,00|0,00|0,00||
|C190|000|5102|17,00|19,00|19,00|3,23|0,00|0,00|0,00|0,00||
|C100|1|0||65|00|001|3603|51240107731241000150650010000036031987581115|31012024|31012024|7,00|1|0,00|0,00|7,00|9|0,00|0,00|0,00|7,00|1,19||||||||
|C190|000|5101|17,00|7,00|7,00|1,19|0,00|0,00|0,00|0,00||
|C100|1|0||65|00|001|3604|51240107731241000150650010000036041826507034|31012024|31012024|138,90|1|0,00|0,00|138,90|9|0,00|0,00|0,00|138,90|23,61||||||||
|C190|000|5101|17,00|41,00|41,00|6,97|0,00|0,00|0,00|0,00||
|C190|000|5102|17,00|97,90|97,90|16,64|0,00|0,00|0,00|0,00||
|C100|1|0|CLI000000004|55|00|001|32035|51240107731241000150550010000320351632140353|17012024|17012024|110,00|0|0,00|0,00|110,00|0|0,00|0,00|0,00|0,00|0,00|0,00|0,00|0,00|0,00|0,00|0,00|0,00|
|C190|060|5405|0,00|110,00|0,00|0,00|0,00|0,00|0,00|0,00||
|C100|1|0|CLI000000004|55|00|001|32083|51240107731241000150550010000320831962919769|18012024|18012024|91,00|0|0,00|0,00|91,00|0|0,00|0,00|0,00|0,00|0,00|0,00|0,00|0,00|0,00|0,00|0,00|0,00|
|C190|060|5102|0,00|63,00|0,00|0,00|0,00|0,00|0,00|0,00||
|C190|060|5405|0,00|28,00|0,00|0,00|0,00|0,00|0,00|0,00||
|C100|1|0|CLI000000004|55|00|001|32223|51240107731241000150550010000322231343126122|26012024|26012024|8,75|0|0,00|0,00|8,75|0|0,00|0,00|0,00|8,75|1,49|0,00|0,00|0,00|0,00|0,00|0,00|0,00|
|C190|000|5102|17,00|8,75|8,75|1,49|0,00|0,00|0,00|0,00||
|C100|1|0|CLI000000006|55|00|001|31784|51240107731241000150550010000317841740960810|03012024|03012024|172,00|1|0,00|0,00|172,00|9|0,00|0,00|0,00|0,00|0,00|0,00|0,00|0,00|0,00|0,00|0,00|0,00|
|C190|102|5101|0,00|172,00|0,00|0,00|0,00|0,00|0,00|0,00||
|C100|1|0|CLI000000006|55|00|001|32158|51240107731241000150550010000321581215819737|24012024|24012024|180,00|1|0,00|0,00|180,00|1|0,00|0,00|0,00|180,00|30,60|0,00|0,00|0,00|0,00|0,00|0,00|0,00|
|C190|000|5101|17,00|180,00|180,00|30,60|0,00|0,00|0,00|0,00||
|C100|1|0|CLI000000012|55|00|001|31911|51240107731241000150550010000319111179286129|10012024|10012024|285,00|1|0,00|0,00|285,00|1|0,00|0,00|0,00|0,00|0,00|0,00|0,00|0,00|0,00|0,00|0,00|0,00|
|C190|060|5405|0,00|45,00|0,00|0,00|0,00|0,00|0,00|0,00||
|C190|102|5101|0,00|240,00|0,00|0,00|0,00|0,00|0,00|0,00||
|C100|1|0|CLI000000014|55|00|001|32010|51240107731241000150550010000320101290716215|16012024|16012024|2743,40|1|0,00|0,00|2743,40|0|0,00|0,00|0,00|0,00|0,00|0,00|0,00|0,00|0,00|0,00|0,00|0,00|
|C190|060|5102|0,00|140,00|0,00|0,00|0,00|0,00|0,00|0,00||
|C190|060|5405|0,00|2218,40|0,00|0,00|0,00|0,00|0,00|0,00||
|C190|102|5101|0,00|385,00|0,00|0,00|0,00|0,00|0,00|0,00||
|C100|1|0|CLI000000014|55|00|001|32011|51240107731241000150550010000320111906434403|16012024|16012024|2460,00|1|0,00|0,00|2460,00|0|0,00|0,00|0,00|0,00|0,00|0,00|0,00|0,00|0,00|0,00|0,00|0,00|
|C190|060|5102|0,00|2220,00|0,00|0,00|0,00|0,00|0,00|0,00||
|C190|102|5101|0,00|240,00|0,00|0,00|0,00|0,00|0,00|0,00||
|C100|1|0|CLI000000016|55|00|001|31938|51240107731241000150550010000319381539290509|11012024|11012024|6937,80|1|0,00|0,00|6937,80|1|0,00|0,00|0,00|0,00|0,00|0,00|0,00|0,00|0,00|0,00|0,00|0,00|
|C190|060|5405|0,00|6937,80|0,00|0,00|0,00|0,00|0,00|0,00||
|C100|1|0|CLI000000016|55|00|001|32109|51240107731241000150550010000321091452983463|22012024|22012024|945,76|1|0,00|0,00|945,76|0|0,00|0,00|0,00|0,00|0,00|0,00|0,00|0,00|0,00|0,00|0,00|0,00|
|C190|060|5405|0,00|945,76|0,00|0,00|0,00|0,00|0,00|0,00||
|C100|1|0|CLI000000016|55|00|001|32110|51240107731241000150550010000321101424002063|22012024|22012024|1968,68|1|0,00|0,00|1968,68|0|0,00|0,00|0,00|0,00|0,00|0,00|0,00|0,00|0,00|0,00|0,00|0,00|
|C190|060|5405|0,00|1968,68|0,00|0,00|0,00|0,00|0,00|0,00||
|C100|1|0|CLI000000016|55|00|001|32112|51240107731241000150550010000321121111869259|22012024|22012024|3310,96|1|0,00|0,00|3310,96|0|0,00|0,00|0,00|0,00|0,00|0,00|0,00|0,00|0,00|0,00|0,00|0,00|
|C190|060|5405|0,00|3310,96|0,00|0,00|0,00|0,00|0,00|0,00||
|C100|1|0|CLI000000024|55|00|001|31770|51240107731241000150550010000317701258237090|03012024|03012024|779,70|1|0,00|0,00|779,70|1|0,00|0,00|0,00|0,00|0,00|0,00|0,00|0,00|0,00|0,00|0,00|0,00|
|C190|060|5102|0,00|104,30|0,00|0,00|0,00|0,00|0,00|0,00||
|C190|060|5405|0,00|582,50|0,00|0,00|0,00|0,00|0,00|0,00||
|C190|102|5101|0,00|92,90|0,00|0,00|0,00|0,00|0,00|0,00||
|C100|1|0|CLI000000024|55|00|001|32105|51240107731241000150550010000321051588184016|22012024|22012024|59,90|1|0,00|0,00|59,90|0|0,00|0,00|0,00|35,00|5,95|0,00|0,00|0,00|0,00|0,00|0,00|0,00|
|C190|000|5101|17,00|35,00|35,00|5,95|0,00|0,00|0,00|0,00||
|C190|060|5405|0,00|9,00|0,00|0,00|0,00|0,00|0,00|0,00||
|C190|090|5102|0,00|15,90|0,00|0,00|0,00|0,00|0,00|0,00||
|C100|1|0|CLI000000024|55|00|001|32149|51240107731241000150550010000321491635952457|23012024|23012024|373,40|1|0,00|0,00|373,40|0|0,00|0,00|0,00|163,00|27,71|0,00|0,00|0,00|0,00|0,00|0,00|0,00|
|C190|000|5101|17,00|45,00|45,00|7,65|0,00|0,00|0,00|0,00||
|C190|000|5102|17,00|118,00|118,00|20,06|0,00|0,00|0,00|0,00||
|C190|060|5405|0,00|210,40|0,00|0,00|0,00|0,00|0,00|0,00||
|C100|1|0|CLI000000029|55|00|001|31894|51240107731241000150550010000318941496550389|10012024|10012024|320,00|1|0,00|0,00|320,00|0|0,00|0,00|0,00|0,00|0,00|0,00|0,00|0,00|0,00|0,00|0,00|0,00|
|C190|102|5101|0,00|320,00|0,00|0,00|0,00|0,00|0,00|0,00||
|C100|1|0|CLI000000032|55|00|001|31995|51240107731241000150550010000319951252234006|16012024|16012024|15,00|1|0,00|0,00|15,00|0|0,00|0,00|0,00|0,00|0,00|0,00|0,00|0,00|0,00|0,00|0,00|0,00|
|C190|102|5101|0,00|15,00|0,00|0,00|0,00|0,00|0,00|0,00||
|C100|1|0|CLI000000042|55|00|001|32015|51240107731241000150550010000320151450051360|16012024|16012024|420,00|1|0,00|0,00|420,00|0|0,00|0,00|0,00|0,00|0,00|0,00|0,00|0,00|0,00|0,00|0,00|0,00|
|C190|060|5405|0,00|420,00|0,00|0,00|0,00|0,00|0,00|0,00||
|C100|1|0|CLI000000056|55|00|001|32013|51240107731241000150550010000320131996988025|16012024|16012024|63,75|1|0,00|0,00|63,75|0|0,00|0,00|0,00|0,00|0,00|0,00|0,00|0,00|0,00|0,00|0,00|0,00|
|C190|060|5102|0,00|25,00|0,00|0,00|0,00|0,00|0,00|0,00||
|C190|060|5405|0,00|33,75|0,00|0,00|0,00|0,00|0,00|0,00||
|C190|102|5101|0,00|5,00|0,00|0,00|0,00|0,00|0,00|0,00||
|C100|1|0|CLI000000072|55|00|001|32018|51240107731241000150550010000320181441298571|16012024|16012024|536,80|1|0,00|0,00|536,80|1|0,00|0,00|0,00|0,00|0,00|0,00|0,00|0,00|0,00|0,00|0,00|0,00|
|C190|060|5102|0,00|162,90|0,00|0,00|0,00|0,00|0,00|0,00||
|C190|060|5405|0,00|115,90|0,00|0,00|0,00|0,00|0,00|0,00||
|C190|102|5101|0,00|258,00|0,00|0,00|0,00|0,00|0,00|0,00||
|C100|1|0|CLI000000072|55|00|001|32019|51240107731241000150550010000320191714960997|16012024|16012024|295,00|1|0,00|0,00|295,00|9|0,00|0,00|0,00|0,00|0,00|0,00|0,00|0,00|0,00|0,00|0,00|0,00|
|C190|000|5101|0,00|25,00|0,00|0,00|0,00|0,00|0,00|0,00||
|C190|060|5102|0,00|155,00|0,00|0,00|0,00|0,00|0,00|0,00||
|C190|060|5405|0,00|70,00|0,00|0,00|0,00|0,00|0,00|0,00||
|C190|102|5101|0,00|45,00|0,00|0,00|0,00|0,00|0,00|0,00||
|C195|1||
|C195|2||
|C100|1|0|CLI000000072|55|00|001|32020|51240107731241000150550010000320201985100480|16012024|16012024|300,00|1|0,00|0,00|300,00|1|0,00|0,00|0,00|0,00|0,00|0,00|0,00|0,00|0,00|0,00|0,00|0,00|
|C190|000|5101|0,00|150,00|0,00|0,00|0,00|0,00|0,00|0,00||
|C190|102|5101|0,00|150,00|0,00|0,00|0,00|0,00|0,00|0,00||
|C195|1||
|C195|3||
|C100|1|0|CLI000000072|55|00|001|32126|51240107731241000150550010000321261607906786|22012024|22012024|165,00|1|0,00|0,00|165,00|1|0,00|0,00|0,00|165,00|28,06|0,00|0,00|0,00|0,00|0,00|0,00|0,00|
|C190|000|5102|17,00|165,00|165,00|28,06|0,00|0,00|0,00|0,00||
|C100|1|0|CLI000000072|55|00|001|32190|51240107731241000150550010000321901559619493|25012024|25012024|556,70|1|0,00|0,00|556,70|1|0,00|0,00|0,00|274,40|46,66|0,00|0,00|0,00|0,00|0,00|0,00|0,00|
|C190|000|5101|17,00|16,00|16,00|2,72|0,00|0,00|0,00|0,00||
|C190|000|5102|17,00|258,40|258,40|43,94|0,00|0,00|0,00|0,00||
|C190|060|5405|0,00|282,30|0,00|0,00|0,00|0,00|0,00|0,00||
|C100|1|0|CLI000000079|55|00|001|32040|51240107731241000150550010000320401921237828|17012024|17012024|170,50|1|0,00|0,00|170,50|0|0,00|0,00|0,00|0,00|0,00|0,00|0,00|0,00|0,00|0,00|0,00|0,00|
|C190|060|5405|0,00|92,50|0,00|0,00|0,00|0,00|0,00|0,00||
|C190|102|5101|0,00|78,00|0,00|0,00|0,00|0,00|0,00|0,00||
|C100|1|0|CLI000000079|55|00|001|32104|51240107731241000150550010000321041304406437|22012024|22012024|867,90|1|0,00|0,00|867,90|0|0,00|0,00|0,00|328,00|53,10|0,00|0,00|0,00|0,00|0,00|0,00|0,00|
|C190|000|5101|17,00|160,00|160,00|27,20|0,00|0,00|0,00|0,00||
|C190|000|5102|17,00|140,00|140,00|23,80|0,00|0,00|0,00|0,00||
|C190|010|5102|7,49|28,00|28,00|2,10|0,00|0,00|0,00|0,00||
|C190|060|5405|0,00|539,90|0,00|0,00|0,00|0,00|0,00|0,00||
|C100|1|0|CLI000000080|55|00|001|32171|51240107731241000150550010000321711878787053|24012024|24012024|139,00|1|0,00|0,00|139,00|0|0,00|0,00|0,00|131,00|22,27|0,00|0,00|0,00|0,00|0,00|0,00|0,00|
|C190|000|5101|17,00|131,00|131,00|22,27|0,00|0,00|0,00|0,00||
|C190|060|5405|0,00|8,00|0,00|0,00|0,00|0,00|0,00|0,00||
|C100|1|0|CLI000000083|55|00|001|31899|51240107731241000150550010000318991144067262|10012024|10012024|75,00|1|0,00|0,00|75,00|1|0,00|0,00|0,00|0,00|0,00|0,00|0,00|0,00|0,00|0,00|0,00|0,00|
|C190|060|5405|0,00|35,00|0,00|0,00|0,00|0,00|0,00|0,00||
|C190|102|5101|0,00|40,00|0,00|0,00|0,00|0,00|0,00|0,00||
|C100|1|0|CLI000000086|55|00|001|31916|51240107731241000150550010000319161502753761|10012024|10012024|105,00|0|0,00|0,00|105,00|1|0,00|0,00|0,00|0,00|0,00|0,00|0,00|0,00|0,00|0,00|0,00|0,00|
|C190|060|5405|0,00|105,00|0,00|0,00|0,00|0,00|0,00|0,00||
|C100|1|0|CLI000000086|55|00|001|32252|51240107731241000150550010000322521831143176|29012024|29012024|98,90|0|0,00|0,00|98,90|0|0,00|0,00|0,00|98,90|16,81|0,00|0,00|0,00|0,00|0,00|0,00|0,00|
|C190|000|5102|17,00|98,90|98,90|16,81|0,00|0,00|0,00|0,00||
|C100|1|0|CLI000000086|55|00|001|32306|51240107731241000150550010000323061247980783|31012024|31012024|480,00|1|0,00|0,00|480,00|1|0,00|0,00|0,00|480,00|81,60|0,00|0,00|0,00|0,00|0,00|0,00|0,00|
|C190|000|5101|17,00|480,00|480,00|81,60|0,00|0,00|0,00|0,00||
|C100|1|0|CLI000000096|55|00|001|32046|51240107731241000150550010000320461591325226|17012024|17012024|256,00|1|0,00|0,00|256,00|0|0,00|0,00|0,00|0,00|0,00|0,00|0,00|0,00|0,00|0,00|0,00|0,00|
|C190|060|5102|0,00|156,00|0,00|0,00|0,00|0,00|0,00|0,00||
|C190|102|5101|0,00|100,00|0,00|0,00|0,00|0,00|0,00|0,00||
|C100|1|0|CLI000000096|55|00|001|32058|51240107731241000150550010000320581313265862|17012024|17012024|597,50|1|0,00|0,00|597,50|0|0,00|0,00|0,00|0,00|0,00|0,00|0,00|0,00|0,00|0,00|0,00|0,00|
|C190|060|5102|0,00|262,50|0,00|0,00|0,00|0,00|0,00|0,00||
|C190|060|5405|0,00|61,00|0,00|0,00|0,00|0,00|0,00|0,00||
|C190|102|5101|0,00|274,00|0,00|0,00|0,00|0,00|0,00|0,00||
|C100|1|0|CLI000000120|55|00|001|32231|51240107731241000150550010000322311156610522|26012024|26012024|345,00|1|0,00|0,00|345,00|1|0,00|0,00|0,00|345,00|58,65|0,00|0,00|0,00|0,00|0,00|0,00|0,00|
|C190|000|5101|17,00|345,00|345,00|58,65|0,00|0,00|0,00|0,00||
|C100|1|0|CLI000000132|55|00|001|32150|51240107731241000150550010000321501495972753|23012024|23012024|90,00|1|0,00|0,00|90,00|1|0,00|0,00|0,00|90,00|15,30|0,00|0,00|0,00|0,00|0,00|0,00|0,00|
|C190|000|5101|17,00|90,00|90,00|15,30|0,00|0,00|0,00|0,00||
|C100|1|0|CLI000000133|55|00|001|31753|51240107731241000150550010000317531190939060|02012024|02012024|909,70|1|0,00|0,00|909,70|1|0,00|0,00|0,00|0,00|0,00|0,00|0,00|0,00|0,00|0,00|0,00|0,00|
|C190|060|5405|0,00|869,90|0,00|0,00|0,00|0,00|0,00|0,00||
|C190|102|5101|0,00|39,80|0,00|0,00|0,00|0,00|0,00|0,00||
|C100|1|0|CLI000000133|55|00|001|31977|51240107731241000150550010000319771740721757|15012024|15012024|660,00|1|0,00|0,00|660,00|1|0,00|0,00|0,00|0,00|0,00|0,00|0,00|0,00|0,00|0,00|0,00|0,00|
|C190|060|5405|0,00|660,00|0,00|0,00|0,00|0,00|0,00|0,00||
|C100|1|0|CLI000000167|55|00|001|32271|51240107731241000150550010000322711214573626|30012024|30012024|346,90|1|0,00|0,00|346,90|1|0,00|0,00|0,00|346,90|58,97|0,00|0,00|0,00|0,00|0,00|0,00|0,00|
|C190|000|5101|17,00|225,00|225,00|38,25|0,00|0,00|0,00|0,00||
|C190|000|5102|17,00|121,90|121,90|20,72|0,00|0,00|0,00|0,00||
|C100|1|0|CLI000000218|55|00|001|32286|51240107731241000150550010000322861849889321|30012024|30012024|136,00|1|0,00|0,00|136,00|0|0,00|0,00|0,00|0,00|0,00|0,00|0,00|0,00|0,00|0,00|0,00|0,00|
|C190|060|5405|0,00|136,00|0,00|0,00|0,00|0,00|0,00|0,00||
|C100|1|0|CLI000000237|55|00|001|31788|51240107731241000150550010000317881533427813|03012024|03012024|1920,00|0|0,00|0,00|1920,00|9|0,00|0,00|0,00|0,00|0,00|0,00|0,00|0,00|0,00|0,00|0,00|0,00|
|C190|060|5405|0,00|1920,00|0,00|0,00|0,00|0,00|0,00|0,00||
|C100|1|0|CLI000000237|55|00|001|31813|51240107731241000150550010000318131454648820|04012024|04012024|1920,00|0|0,00|0,00|1920,00|0|0,00|0,00|0,00|0,00|0,00|0,00|0,00|0,00|0,00|0,00|0,00|0,00|
|C190|060|5405|0,00|1920,00|0,00|0,00|0,00|0,00|0,00|0,00||
|C100|1|0|CLI000000237|55|00|001|31930|51240107731241000150550010000319301711640845|11012024|11012024|238,80|0|0,00|0,00|238,80|1|0,00|0,00|0,00|0,00|0,00|0,00|0,00|0,00|0,00|0,00|0,00|0,00|
|C190|060|5102|0,00|238,80|0,00|0,00|0,00|0,00|0,00|0,00||
|C100|1|0|CLI000000237|55|00|001|32202|51240107731241000150550010000322021633479613|25012024|25012024|1920,00|1|0,00|0,00|1920,00|1|0,00|0,00|0,00|1920,00|326,40|0,00|0,00|0,00|0,00|0,00|0,00|0,00|
|C190|000|5101|17,00|1920,00|1920,00|326,40|0,00|0,00|0,00|0,00||
|C100|1|0|CLI000000289|55|00|001|32067|51240107731241000150550010000320671185150617|18012024|18012024|142,50|1|0,00|0,00|142,50|0|0,00|0,00|0,00|0,00|0,00|0,00|0,00|0,00|0,00|0,00|0,00|0,00|
|C190|041|5101|0,00|19,50|0,00|0,00|0,00|0,00|0,00|0,00||
|C190|060|5102|0,00|123,00|0,00|0,00|0,00|0,00|0,00|0,00||
|C100|1|0|CLI000000313|55|00|001|32228|51240107731241000150550010000322281604906815|26012024|26012024|538,00|1|0,00|0,00|538,00|9|0,00|0,00|0,00|332,25|56,49|0,00|0,00|0,00|0,00|0,00|0,00|0,00|
|C190|000|5101|17,00|95,00|95,00|16,15|0,00|0,00|0,00|0,00||
|C190|000|5102|17,00|237,25|237,25|40,34|0,00|0,00|0,00|0,00||
|C190|060|5405|0,00|205,75|0,00|0,00|0,00|0,00|0,00|0,00||
|C100|1|0|CLI000000313|55|00|001|32273|51240107731241000150550010000322731207297230|30012024|30012024|649,00|1|0,00|0,00|649,00|0|0,00|0,00|0,00|133,00|22,62|0,00|0,00|0,00|0,00|0,00|0,00|0,00|
|C190|000|5101|17,00|120,00|120,00|20,40|0,00|0,00|0,00|0,00||
|C190|000|5102|17,00|13,00|13,00|2,22|0,00|0,00|0,00|0,00||
|C190|060|5405|0,00|516,00|0,00|0,00|0,00|0,00|0,00|0,00||
|C100|1|0|CLI000000378|55|00|001|31902|51240107731241000150550010000319021419238930|10012024|10012024|12180,00|1|0,00|0,00|12180,00|9|0,00|0,00|0,00|0,00|0,00|0,00|0,00|0,00|0,00|0,00|0,00|0,00|
|C190|060|5405|0,00|12180,00|0,00|0,00|0,00|0,00|0,00|0,00||
|C100|1|0|CLI000000451|55|00|001|32125|51240107731241000150550010000321251486773597|22012024|22012024|102,00|0|0,00|0,00|102,00|1|0,00|0,00|0,00|66,00|11,22|0,00|0,00|0,00|0,00|0,00|0,00|0,00|
|C190|000|5102|17,00|66,00|66,00|11,22|0,00|0,00|0,00|0,00||
|C190|060|5405|0,00|36,00|0,00|0,00|0,00|0,00|0,00|0,00||
|C100|1|0|CLI000000473|55|00|001|31750|51240107731241000150550010000317501460104818|02012024|02012024|480,00|0|0,00|0,00|480,00|0|0,00|0,00|0,00|0,00|0,00|0,00|0,00|0,00|0,00|0,00|0,00|0,00|
|C190|060|5405|0,00|480,00|0,00|0,00|0,00|0,00|0,00|0,00||
|C100|1|0|CLI000000495|55|00|001|31919|51240107731241000150550010000319191295061810|10012024|10012024|105,00|1|0,00|0,00|105,00|0|0,00|0,00|0,00|0,00|0,00|0,00|0,00|0,00|0,00|0,00|0,00|0,00|
|C190|060|5405|0,00|105,00|0,00|0,00|0,00|0,00|0,00|0,00||
|C100|1|0|CLI000000495|55|00|001|32103|51240107731241000150550010000321031409072345|22012024|22012024|540,00|1|0,00|0,00|540,00|1|0,00|0,00|0,00|0,00|0,00|0,00|0,00|0,00|0,00|0,00|0,00|0,00|
|C190|060|5405|0,00|540,00|0,00|0,00|0,00|0,00|0,00|0,00||
|C100|1|0|CLI000000543|55|00|001|31901|51240107731241000150550010000319011486041836|10012024|10012024|1141,00|1|0,00|0,00|1141,00|0|0,00|0,00|0,00|0,00|0,00|0,00|0,00|0,00|0,00|0,00|0,00|0,00|
|C190|000|5101|0,00|1141,00|0,00|0,00|0,00|0,00|0,00|0,00||
|C195|4||
|C195|5||
|C100|1|0|CLI000000581|55|00|001|31849|51240107731241000150550010000318491257205871|08012024|08012024|137,00|1|0,00|0,00|137,00|9|0,00|0,00|0,00|0,00|0,00|0,00|0,00|0,00|0,00|0,00|0,00|0,00|
|C190|060|5405|0,00|46,00|0,00|0,00|0,00|0,00|0,00|0,00||
|C190|102|5101|0,00|91,00|0,00|0,00|0,00|0,00|0,00|0,00||
|C100|1|0|CLI000000585|55|00|001|31786|51240107731241000150550010000317861650027507|03012024|03012024|65,90|1|0,00|0,00|65,90|0|0,00|0,00|0,00|0,00|0,00|0,00|0,00|0,00|0,00|0,00|0,00|0,00|
|C190|060|5405|0,00|19,90|0,00|0,00|0,00|0,00|0,00|0,00||
|C190|102|5101|0,00|46,00|0,00|0,00|0,00|0,00|0,00|0,00||
|C100|1|0|CLI000000585|55|00|001|31827|51240107731241000150550010000318271191879791|05012024|05012024|480,00|1|0,00|0,00|480,00|0|0,00|0,00|0,00|0,00|0,00|0,00|0,00|0,00|0,00|0,00|0,00|0,00|
|C190|060|5405|0,00|480,00|0,00|0,00|0,00|0,00|0,00|0,00||
|C100|1|0|CLI000000585|55|00|001|32048|51240107731241000150550010000320481528313490|17012024|17012024|485,00|1|0,00|0,00|485,00|0|0,00|0,00|0,00|0,00|0,00|0,00|0,00|0,00|0,00|0,00|0,00|0,00|
|C190|060|5405|0,00|240,00|0,00|0,00|0,00|0,00|0,00|0,00||
|C190|102|5101|0,00|245,00|0,00|0,00|0,00|0,00|0,00|0,00||
|C100|1|0|CLI000000585|55|00|001|32237|51240107731241000150550010000322371191386106|29012024|29012024|750,00|1|0,00|0,00|750,00|0|0,00|0,00|0,00|750,00|127,50|0,00|0,00|0,00|0,00|0,00|0,00|0,00|
|C190|000|5101|17,00|750,00|750,00|127,50|0,00|0,00|0,00|0,00||
|C100|1|0|CLI000000673|55|00|001|31988|51240107731241000150550010000319881484109648|15012024|15012024|427,00|1|0,00|0,00|427,00|9|0,00|0,00|0,00|0,00|0,00|0,00|0,00|0,00|0,00|0,00|0,00|0,00|
|C190|060|5405|0,00|163,70|0,00|0,00|0,00|0,00|0,00|0,00||
|C190|102|5101|0,00|263,30|0,00|0,00|0,00|0,00|0,00|0,00||
|C100|1|0|CLI000000673|55|00|001|32175|51240107731241000150550010000321751365643058|24012024|24012024|120,00|1|0,00|0,00|120,00|1|0,00|0,00|0,00|120,00|20,40|0,00|0,00|0,00|0,00|0,00|0,00|0,00|
|C190|000|5102|17,00|120,00|120,00|20,40|0,00|0,00|0,00|0,00||
|C100|1|0|CLI000000673|55|00|001|32176|51240107731241000150550010000321761225820744|24012024|24012024|48,00|1|0,00|0,00|48,00|1|0,00|0,00|0,00|48,00|8,16|0,00|0,00|0,00|0,00|0,00|0,00|0,00|
|C190|000|5102|17,00|48,00|48,00|8,16|0,00|0,00|0,00|0,00||
|C100|1|0|CLI000000723|55|00|001|32137|51240107731241000150550010000321371237602897|23012024|23012024|160,00|1|0,00|0,00|160,00|1|0,00|0,00|0,00|160,00|27,20|0,00|0,00|0,00|0,00|0,00|0,00|0,00|
|C190|000|5101|17,00|160,00|160,00|27,20|0,00|0,00|0,00|0,00||
|C100|1|0|CLI000000723|55|00|001|32282|51240107731241000150550010000322821146925112|30012024|30012024|13,90|1|0,00|0,00|13,90|1|0,00|0,00|0,00|13,90|2,36|0,00|0,00|0,00|0,00|0,00|0,00|0,00|
|C190|000|5101|17,00|6,00|6,00|1,02|0,00|0,00|0,00|0,00||
|C190|000|5102|17,00|7,90|7,90|1,34|0,00|0,00|0,00|0,00||
|C100|1|0|CLI000000724|55|00|001|31825|51240107731241000150550010000318251784536333|05012024|05012024|206,00|1|0,00|0,00|206,00|1|0,00|0,00|0,00|0,00|0,00|0,00|0,00|0,00|0,00|0,00|0,00|0,00|
|C190|000|5101|0,00|75,00|0,00|0,00|0,00|0,00|0,00|0,00||
|C190|060|5405|0,00|40,00|0,00|0,00|0,00|0,00|0,00|0,00||
|C190|102|5101|0,00|91,00|0,00|0,00|0,00|0,00|0,00|0,00||
|C195|6||
|C195|7||
|C100|1|0|CLI000000724|55|00|001|31838|51240107731241000150550010000318381352156102|05012024|05012024|480,00|1|0,00|0,00|480,00|9|0,00|0,00|0,00|0,00|0,00|0,00|0,00|0,00|0,00|0,00|0,00|0,00|
|C190|060|5405|0,00|480,00|0,00|0,00|0,00|0,00|0,00|0,00||
|C100|1|0|CLI000000724|55|00|001|31871|51240107731241000150550010000318711134966123|09012024|09012024|85,00|1|0,00|0,00|85,00|1|0,00|0,00|0,00|0,00|0,00|0,00|0,00|0,00|0,00|0,00|0,00|0,00|
|C190|060|5102|0,00|15,00|0,00|0,00|0,00|0,00|0,00|0,00||
|C190|102|5101|0,00|70,00|0,00|0,00|0,00|0,00|0,00|0,00||
|C100|1|0|CLI000000724|55|00|001|31960|51240107731241000150550010000319601899192267|12012024|12012024|74,00|1|0,00|0,00|74,00|1|0,00|0,00|0,00|0,00|0,00|0,00|0,00|0,00|0,00|0,00|0,00|0,00|
|C190|060|5102|0,00|52,00|0,00|0,00|0,00|0,00|0,00|0,00||
|C190|060|5405|0,00|22,00|0,00|0,00|0,00|0,00|0,00|0,00||
|C100|1|0|CLI000000724|55|00|001|31998|51240107731241000150550010000319981332846921|16012024|16012024|700,00|1|0,00|0,00|700,00|1|0,00|0,00|0,00|0,00|0,00|0,00|0,00|0,00|0,00|0,00|0,00|0,00|
|C190|060|5405|0,00|700,00|0,00|0,00|0,00|0,00|0,00|0,00||
|C100|1|0|CLI000000724|55|00|001|32017|51240107731241000150550010000320171344986690|16012024|16012024|120,00|1|0,00|0,00|120,00|0|0,00|0,00|0,00|0,00|0,00|0,00|0,00|0,00|0,00|0,00|0,00|0,00|
|C190|060|5405|0,00|120,00|0,00|0,00|0,00|0,00|0,00|0,00||
|C100|1|0|CLI000000724|55|00|001|32023|51240107731241000150550010000320231303718729|16012024|16012024|209,20|1|0,00|0,00|209,20|1|0,00|0,00|0,00|0,00|0,00|0,00|0,00|0,00|0,00|0,00|0,00|0,00|
|C190|000|5101|0,00|25,00|0,00|0,00|0,00|0,00|0,00|0,00||
|C190|060|5102|0,00|58,70|0,00|0,00|0,00|0,00|0,00|0,00||
|C190|060|5405|0,00|50,00|0,00|0,00|0,00|0,00|0,00|0,00||
|C190|102|5101|0,00|75,50|0,00|0,00|0,00|0,00|0,00|0,00||
|C195|6||
|C195|8||
|C100|1|0|CLI000000724|55|00|001|32031|51240107731241000150550010000320311866641996|17012024|17012024|171,50|1|0,00|0,00|171,50|9|0,00|0,00|0,00|0,00|0,00|0,00|0,00|0,00|0,00|0,00|0,00|0,00|
|C190|060|5102|0,00|30,00|0,00|0,00|0,00|0,00|0,00|0,00||
|C190|060|5405|0,00|99,80|0,00|0,00|0,00|0,00|0,00|0,00||
|C190|102|5101|0,00|41,70|0,00|0,00|0,00|0,00|0,00|0,00||
|C100|1|0|CLI000000724|55|00|001|32234|51240107731241000150550010000322341999660773|29012024|29012024|345,00|1|0,00|0,00|345,00|9|0,00|0,00|0,00|345,00|58,65|0,00|0,00|0,00|0,00|0,00|0,00|0,00|
|C190|000|5101|17,00|345,00|345,00|58,65|0,00|0,00|0,00|0,00||
|C100|1|0|CLI000000724|55|00|001|32253|51240107731241000150550010000322531731456463|29012024|29012024|114,60|1|0,00|0,00|108,60|0|0,00|0,00|6,00|114,60|19,49|0,00|0,00|0,00|0,00|0,00|0,00|0,00|
|C190|000|5101|17,00|31,66|31,66|5,38|0,00|0,00|0,00|0,00||
|C190|000|5102|17,00|82,94|82,94|14,11|0,00|0,00|0,00|0,00||
|C100|1|0|CLI000000724|55|00|001|32288|51240107731241000150550010000322881183811625|30012024|30012024|71,60|1|0,00|0,00|71,60|1|0,00|0,00|0,00|71,60|12,17|0,00|0,00|0,00|0,00|0,00|0,00|0,00|
|C190|000|5102|17,00|71,60|71,60|12,17|0,00|0,00|0,00|0,00||
|C100|1|0|CLI000000753|55|00|001|32323|51240107731241000150550010000323231441569571|31012024|31012024|175,40|1|0,00|0,00|175,40|1|0,00|0,00|0,00|79,50|13,52|0,00|0,00|0,00|0,00|0,00|0,00|0,00|
|C190|000|5101|17,00|62,00|62,00|10,54|0,00|0,00|0,00|0,00||
|C190|000|5102|17,00|17,50|17,50|2,98|0,00|0,00|0,00|0,00||
|C190|060|5405|0,00|95,90|0,00|0,00|0,00|0,00|0,00|0,00||
|C100|1|0|CLI000000878|55|00|001|31926|51240107731241000150550010000319261258777225|11012024|11012024|120,00|1|0,00|0,00|120,00|1|0,00|0,00|0,00|0,00|0,00|0,00|0,00|0,00|0,00|0,00|0,00|0,00|
|C190|060|5405|0,00|120,00|0,00|0,00|0,00|0,00|0,00|0,00||
|C100|1|0|CLI000000878|55|00|001|31945|51240107731241000150550010000319451438775358|11012024|11012024|669,00|1|0,00|0,00|669,00|1|0,00|0,00|0,00|0,00|0,00|0,00|0,00|0,00|0,00|0,00|0,00|0,00|
|C190|060|5102|0,00|340,20|0,00|0,00|0,00|0,00|0,00|0,00||
|C190|060|5405|0,00|328,80|0,00|0,00|0,00|0,00|0,00|0,00||
|C100|1|0|CLI000000879|55|00|001|32148|51240107731241000150550010000321481527573990|23012024|23012024|166,90|1|0,00|0,00|166,90|1|0,00|0,00|0,00|166,90|28,37|0,00|0,00|0,00|0,00|0,00|0,00|0,00|
|C190|000|5101|17,00|40,00|40,00|6,80|0,00|0,00|0,00|0,00||
|C190|000|5102|17,00|126,90|126,90|21,57|0,00|0,00|0,00|0,00||
|C100|1|0|CLI000000881|55|00|001|32322|51240107731241000150550010000323221603171368|31012024|31012024|239,60|1|0,00|0,00|239,60|9|0,00|0,00|0,00|80,00|13,60|0,00|0,00|0,00|0,00|0,00|0,00|0,00|
|C190|000|5101|17,00|80,00|80,00|13,60|0,00|0,00|0,00|0,00||
|C190|060|5405|0,00|159,60|0,00|0,00|0,00|0,00|0,00|0,00||
|C100|1|0|CLI000000926|55|00|001|31917|51240107731241000150550010000319171531993292|10012024|10012024|240,00|1|0,00|0,00|240,00|1|0,00|0,00|0,00|0,00|0,00|0,00|0,00|0,00|0,00|0,00|0,00|0,00|
|C190|060|5405|0,00|90,00|0,00|0,00|0,00|0,00|0,00|0,00||
|C190|102|5101|0,00|150,00|0,00|0,00|0,00|0,00|0,00|0,00||
|C100|1|0|CLI000000926|55|00|001|31927|51240107731241000150550010000319271537368418|11012024|11012024|182,00|1|0,00|0,00|182,00|1|0,00|0,00|0,00|0,00|0,00|0,00|0,00|0,00|0,00|0,00|0,00|0,00|
|C190|060|5405|0,00|92,00|0,00|0,00|0,00|0,00|0,00|0,00||
|C190|102|5101|0,00|90,00|0,00|0,00|0,00|0,00|0,00|0,00||
|C100|1|0|CLI000000926|55|00|001|32301|51240107731241000150550010000323011941981628|31012024|31012024|364,00|1|0,00|0,00|364,00|0|0,00|0,00|0,00|364,00|61,88|0,00|0,00|0,00|0,00|0,00|0,00|0,00|
|C190|000|5101|17,00|364,00|364,00|61,88|0,00|0,00|0,00|0,00||
|C100|1|0|CLI000001318|55|00|001|31840|51240107731241000150550010000318401981614465|05012024|05012024|70,00|1|0,00|0,00|70,00|0|0,00|0,00|0,00|0,00|0,00|0,00|0,00|0,00|0,00|0,00|0,00|0,00|
|C190|000|5101|0,00|25,00|0,00|0,00|0,00|0,00|0,00|0,00||
|C190|102|5101|0,00|45,00|0,00|0,00|0,00|0,00|0,00|0,00||
|C195|9||
|C195|10||
|C100|1|0|CLI000001339|55|00|001|31923|51240107731241000150550010000319231446049671|11012024|11012024|199,80|1|0,00|0,00|199,80|1|0,00|0,00|0,00|0,00|0,00|0,00|0,00|0,00|0,00|0,00|0,00|0,00|
|C190|060|5102|0,00|50,80|0,00|0,00|0,00|0,00|0,00|0,00||
|C190|060|5405|0,00|40,00|0,00|0,00|0,00|0,00|0,00|0,00||
|C190|102|5101|0,00|109,00|0,00|0,00|0,00|0,00|0,00|0,00||
|C100|1|0|CLI000001339|55|00|001|32249|51240107731241000150550010000322491338852526|29012024|29012024|35,00|1|0,00|0,00|35,00|0|0,00|0,00|0,00|35,00|5,95|0,00|0,00|0,00|0,00|0,00|0,00|0,00|
|C190|000|5101|17,00|35,00|35,00|5,95|0,00|0,00|0,00|0,00||
|C100|1|0|CLI000001414|55|00|001|31940|51240107731241000150550010000319401234956250|11012024|11012024|328,70|1|0,00|0,00|328,70|1|0,00|0,00|0,00|0,00|0,00|0,00|0,00|0,00|0,00|0,00|0,00|0,00|
|C190|060|5102|0,00|182,50|0,00|0,00|0,00|0,00|0,00|0,00||
|C190|060|5405|0,00|71,20|0,00|0,00|0,00|0,00|0,00|0,00||
|C190|102|5101|0,00|75,00|0,00|0,00|0,00|0,00|0,00|0,00||
|C100|1|0|CLI000001414|55|00|001|32050|51240107731241000150550010000320501668706426|17012024|17012024|290,60|1|0,00|0,00|290,60|0|0,00|0,00|0,00|0,00|0,00|0,00|0,00|0,00|0,00|0,00|0,00|0,00|
|C190|060|5102|0,00|107,70|0,00|0,00|0,00|0,00|0,00|0,00||
|C190|060|5405|0,00|182,90|0,00|0,00|0,00|0,00|0,00|0,00||
|C100|1|0|CLI000001414|55|00|001|32265|51240107731241000150550010000322651375353280|29012024|29012024|280,70|1|0,00|0,00|280,70|9|0,00|0,00|0,00|238,70|40,57|0,00|0,00|0,00|0,00|0,00|0,00|0,00|
|C190|000|5101|17,00|119,00|119,00|20,23|0,00|0,00|0,00|0,00||
|C190|000|5102|17,00|119,70|119,70|20,34|0,00|0,00|0,00|0,00||
|C190|060|5405|0,00|42,00|0,00|0,00|0,00|0,00|0,00|0,00||
|C100|1|0|CLI000001441|55|00|001|31872|51240107731241000150550010000318721337708819|09012024|09012024|217,50|1|0,00|0,00|217,50|9|0,00|0,00|0,00|0,00|0,00|0,00|0,00|0,00|0,00|0,00|0,00|0,00|
|C190|060|5405|0,00|147,50|0,00|0,00|0,00|0,00|0,00|0,00||
|C190|102|5101|0,00|70,00|0,00|0,00|0,00|0,00|0,00|0,00||
|C100|1|0|CLI000001460|55|00|001|31857|51240107731241000150550010000318571542882977|08012024|08012024|480,00|1|0,00|0,00|480,00|1|0,00|0,00|0,00|0,00|0,00|0,00|0,00|0,00|0,00|0,00|0,00|0,00|
|C190|060|5405|0,00|480,00|0,00|0,00|0,00|0,00|0,00|0,00||
|C100|1|0|CLI000001461|55|00|001|31797|51240107731241000150550010000317971930955874|04012024|04012024|320,00|1|0,00|0,00|320,00|1|0,00|0,00|0,00|0,00|0,00|0,00|0,00|0,00|0,00|0,00|0,00|0,00|
|C190|060|5405|0,00|320,00|0,00|0,00|0,00|0,00|0,00|0,00||
|C100|1|0|CLI000001461|55|00|001|31896|51240107731241000150550010000318961372265776|10012024|10012024|122,00|1|0,00|0,00|122,00|1|0,00|0,00|0,00|0,00|0,00|0,00|0,00|0,00|0,00|0,00|0,00|0,00|
|C190|060|5102|0,00|74,00|0,00|0,00|0,00|0,00|0,00|0,00||
|C190|060|5405|0,00|18,00|0,00|0,00|0,00|0,00|0,00|0,00||
|C190|102|5101|0,00|30,00|0,00|0,00|0,00|0,00|0,00|0,00||
|C100|1|0|CLI000001461|55|00|001|32130|51240107731241000150550010000321301918911407|22012024|22012024|665,00|1|0,00|0,00|665,00|0|0,00|0,00|0,00|80,00|13,60|0,00|0,00|0,00|0,00|0,00|0,00|0,00|
|C190|000|5101|17,00|80,00|80,00|13,60|0,00|0,00|0,00|0,00||
|C190|060|5405|0,00|585,00|0,00|0,00|0,00|0,00|0,00|0,00||
|C100|1|0|CLI000001539|55|00|001|32159|51240107731241000150550010000321591974209192|24012024|24012024|107,80|1|0,00|0,00|107,80|1|0,00|0,00|0,00|107,80|18,33|0,00|0,00|0,00|0,00|0,00|0,00|0,00|
|C190|000|5101|17,00|68,00|68,00|11,56|0,00|0,00|0,00|0,00||
|C190|000|5102|17,00|39,80|39,80|6,77|0,00|0,00|0,00|0,00||
|C100|1|0|CLI000001644|55|00|001|31796|51240107731241000150550010000317961943753780|03012024|03012024|480,00|1|0,00|0,00|480,00|1|0,00|0,00|0,00|0,00|0,00|0,00|0,00|0,00|0,00|0,00|0,00|0,00|
|C190|102|5101|0,00|480,00|0,00|0,00|0,00|0,00|0,00|0,00||
|C100|1|0|CLI000001705|55|00|001|32151|51240107731241000150550010000321511321184218|23012024|23012024|1212,40|1|0,00|0,00|1212,40|1|0,00|0,00|0,00|894,50|152,07|0,00|0,00|0,00|0,00|0,00|0,00|0,00|
|C190|000|5101|17,00|743,00|743,00|126,31|0,00|0,00|0,00|0,00||
|C190|000|5102|17,00|151,50|151,50|25,76|0,00|0,00|0,00|0,00||
|C190|060|5405|0,00|317,90|0,00|0,00|0,00|0,00|0,00|0,00||
|C100|1|0|CLI000001705|55|00|001|32289|51240107731241000150550010000322891745539784|30012024|30012024|452,80|1|0,00|0,00|452,80|0|0,00|0,00|0,00|402,90|68,49|0,00|0,00|0,00|0,00|0,00|0,00|0,00|
|C190|000|5101|17,00|10,00|10,00|1,70|0,00|0,00|0,00|0,00||
|C190|000|5102|17,00|392,90|392,90|66,79|0,00|0,00|0,00|0,00||
|C190|060|5405|0,00|49,90|0,00|0,00|0,00|0,00|0,00|0,00||
|C100|1|0|CLI000001774|55|00|001|31841|51240107731241000150550010000318411632255092|05012024|05012024|165,20|1|0,00|0,00|165,20|1|0,00|0,00|0,00|0,00|0,00|0,00|0,00|0,00|0,00|0,00|0,00|0,00|
|C190|060|5102|0,00|45,00|0,00|0,00|0,00|0,00|0,00|0,00||
|C190|060|5405|0,00|42,70|0,00|0,00|0,00|0,00|0,00|0,00||
|C190|102|5101|0,00|77,50|0,00|0,00|0,00|0,00|0,00|0,00||
|C100|1|0|CLI000001871|55|00|001|32008|51240107731241000150550010000320081338742557|16012024|16012024|1537,00|1|0,00|0,00|1537,00|0|0,00|0,00|0,00|0,00|0,00|0,00|0,00|0,00|0,00|0,00|0,00|0,00|
|C190|060|5101|0,00|16,00|0,00|0,00|0,00|0,00|0,00|0,00||
|C190|060|5102|0,00|214,50|0,00|0,00|0,00|0,00|0,00|0,00||
|C190|060|5405|0,00|1226,50|0,00|0,00|0,00|0,00|0,00|0,00||
|C190|102|5101|0,00|80,00|0,00|0,00|0,00|0,00|0,00|0,00||
|C100|1|0|CLI000001922|55|00|001|31760|51240107731241000150550010000317601420272988|02012024|02012024|170,25|1|0,00|0,00|170,25|1|0,00|0,00|0,00|0,00|0,00|0,00|0,00|0,00|0,00|0,00|0,00|0,00|
|C190|000|5101|0,00|25,00|0,00|0,00|0,00|0,00|0,00|0,00||
|C190|041|5101|0,00|6,50|0,00|0,00|0,00|0,00|0,00|0,00||
|C190|060|5102|0,00|87,00|0,00|0,00|0,00|0,00|0,00|0,00||
|C190|060|5405|0,00|51,75|0,00|0,00|0,00|0,00|0,00|0,00||
|C195|11||
|C195|12||
|C100|1|0|CLI000001935|55|00|001|31933|51240107731241000150550010000319331517418808|11012024|11012024|235,00|1|0,00|0,00|235,00|0|0,00|0,00|0,00|0,00|0,00|0,00|0,00|0,00|0,00|0,00|0,00|0,00|
|C190|060|5405|0,00|235,00|0,00|0,00|0,00|0,00|0,00|0,00||
|C100|1|0|CLI000001950|55|00|001|32096|51240107731241000150550010000320961965247670|19012024|19012024|300,60|1|0,00|0,00|300,60|1|0,00|0,00|0,00|68,00|5,09|0,00|0,00|0,00|0,00|0,00|0,00|0,00|
|C190|010|5102|7,49|68,00|68,00|5,09|0,00|0,00|0,00|0,00||
|C190|060|5101|0,00|91,00|0,00|0,00|0,00|0,00|0,00|0,00||
|C190|060|5102|0,00|67,00|0,00|0,00|0,00|0,00|0,00|0,00||
|C190|060|5405|0,00|41,70|0,00|0,00|0,00|0,00|0,00|0,00||
|C190|090|5405|0,00|32,90|0,00|0,00|0,00|0,00|0,00|0,00||
|C100|1|0|CLI000001950|55|00|001|32138|51240107731241000150550010000321381933386642|23012024|23012024|452,60|1|0,00|0,00|452,60|0|0,00|0,00|0,00|173,80|29,56|0,00|0,00|0,00|0,00|0,00|0,00|0,00|
|C190|000|5101|17,00|75,00|75,00|12,75|0,00|0,00|0,00|0,00||
|C190|000|5102|17,00|98,80|98,80|16,81|0,00|0,00|0,00|0,00||
|C190|060|5101|0,00|21,00|0,00|0,00|0,00|0,00|0,00|0,00||
|C190|060|5102|0,00|52,00|0,00|0,00|0,00|0,00|0,00|0,00||
|C190|060|5405|0,00|205,80|0,00|0,00|0,00|0,00|0,00|0,00||
|C100|1|0|CLI000001950|55|00|001|32139|51240107731241000150550010000321391422795196|23012024|23012024|137,90|0|0,00|0,00|137,90|1|0,00|0,00|0,00|44,90|7,63|0,00|0,00|0,00|0,00|0,00|0,00|0,00|
|C190|000|5102|17,00|44,90|44,90|7,63|0,00|0,00|0,00|0,00||
|C190|060|5102|0,00|93,00|0,00|0,00|0,00|0,00|0,00|0,00||
|C100|1|0|CLI000001950|55|00|001|32308|51240107731241000150550010000323081366440213|31012024|31012024|609,00|1|0,00|0,00|609,00|1|0,00|0,00|0,00|609,00|103,53|0,00|0,00|0,00|0,00|0,00|0,00|0,00|
|C190|000|5101|17,00|520,00|520,00|88,40|0,00|0,00|0,00|0,00||
|C190|000|5102|17,00|89,00|89,00|15,13|0,00|0,00|0,00|0,00||
|C100|1|0|CLI000002083|55|00|001|32024|51240107731241000150550010000320241544030382|16012024|16012024|479,00|1|0,00|0,00|479,00|1|0,00|0,00|0,00|0,00|0,00|0,00|0,00|0,00|0,00|0,00|0,00|0,00|
|C190|060|5405|0,00|78,00|0,00|0,00|0,00|0,00|0,00|0,00||
|C190|102|5101|0,00|245,00|0,00|0,00|0,00|0,00|0,00|0,00||
|C190|102|5102|0,00|156,00|0,00|0,00|0,00|0,00|0,00|0,00||
|C100|1|0|CLI000002083|55|00|001|32180|51240107731241000150550010000321801970768492|24012024|24012024|41,00|1|0,00|0,00|35,00|1|0,00|0,00|6,00|41,00|6,97|0,00|0,00|0,00|0,00|0,00|0,00|0,00|
|C190|000|5101|17,00|41,00|41,00|6,97|0,00|0,00|0,00|0,00||
|C100|1|0|CLI000002110|55|00|001|32065|51240107731241000150550010000320651677538550|18012024|18012024|2580,00|1|0,00|0,00|2580,00|0|0,00|0,00|0,00|0,00|0,00|0,00|0,00|0,00|0,00|0,00|0,00|0,00|
|C190|060|5405|0,00|150,00|0,00|0,00|0,00|0,00|0,00|0,00||
|C190|102|5101|0,00|2430,00|0,00|0,00|0,00|0,00|0,00|0,00||
|C100|1|0|CLI000002261|55|00|001|31989|51240107731241000150550010000319891422530029|15012024|15012024|110,00|0|0,00|0,00|110,00|0|0,00|0,00|0,00|0,00|0,00|0,00|0,00|0,00|0,00|0,00|0,00|0,00|
|C190|060|5405|0,00|110,00|0,00|0,00|0,00|0,00|0,00|0,00||
|C100|1|0|CLI000002338|55|00|001|31884|51240107731241000150550010000318841800572891|09012024|09012024|164,00|1|0,00|0,00|164,00|1|0,00|0,00|0,00|0,00|0,00|0,00|0,00|0,00|0,00|0,00|0,00|0,00|
|C190|060|5102|0,00|30,00|0,00|0,00|0,00|0,00|0,00|0,00||
|C190|060|5405|0,00|104,00|0,00|0,00|0,00|0,00|0,00|0,00||
|C190|102|5101|0,00|30,00|0,00|0,00|0,00|0,00|0,00|0,00||
|C100|1|0|CLI000002711|55|00|001|31822|51240107731241000150550010000318221245364976|04012024|04012024|393,00|1|0,00|0,00|393,00|1|0,00|0,00|0,00|0,00|0,00|0,00|0,00|0,00|0,00|0,00|0,00|0,00|
|C190|000|5101|0,00|25,00|0,00|0,00|0,00|0,00|0,00|0,00||
|C190|060|5102|0,00|35,00|0,00|0,00|0,00|0,00|0,00|0,00||
|C190|060|5405|0,00|245,00|0,00|0,00|0,00|0,00|0,00|0,00||
|C190|102|5101|0,00|88,00|0,00|0,00|0,00|0,00|0,00|0,00||
|C195|13||
|C195|14||
|C100|1|0|CLI000002711|55|00|001|32029|51240107731241000150550010000320291244346160|16012024|16012024|540,00|1|0,00|0,00|540,00|0|0,00|0,00|0,00|0,00|0,00|0,00|0,00|0,00|0,00|0,00|0,00|0,00|
|C190|060|5405|0,00|540,00|0,00|0,00|0,00|0,00|0,00|0,00||
|C100|1|0|CLI000002788|55|00|001|32054|51240107731241000150550010000320541518500562|17012024|17012024|656,80|1|0,00|0,00|656,80|1|0,00|0,00|0,00|0,00|0,00|0,00|0,00|0,00|0,00|0,00|0,00|0,00|
|C190|060|5405|0,00|288,30|0,00|0,00|0,00|0,00|0,00|0,00||
|C190|102|5101|0,00|261,00|0,00|0,00|0,00|0,00|0,00|0,00||
|C190|102|5102|0,00|107,50|0,00|0,00|0,00|0,00|0,00|0,00||
|C100|1|0|CLI000002812|55|00|001|31757|51240107731241000150550010000317571479116871|02012024|02012024|57,00|1|0,00|0,00|57,00|0|0,00|0,00|0,00|0,00|0,00|0,00|0,00|0,00|0,00|0,00|0,00|0,00|
|C190|102|5101|0,00|57,00|0,00|0,00|0,00|0,00|0,00|0,00||
|C100|1|0|CLI000002819|55|00|001|31745|51240107731241000150550010000317451913295474|02012024|02012024|160,00|1|0,00|0,00|160,00|0|0,00|0,00|0,00|0,00|0,00|0,00|0,00|0,00|0,00|0,00|0,00|0,00|
|C190|102|5101|0,00|160,00|0,00|0,00|0,00|0,00|0,00|0,00||
|C100|1|0|CLI000002851|55|00|001|32060|51240107731241000150550010000320601498483363|18012024|18012024|299,20|1|0,00|0,00|299,20|0|0,00|0,00|0,00|0,00|0,00|0,00|0,00|0,00|0,00|0,00|0,00|0,00|
|C190|060|5102|0,00|61,20|0,00|0,00|0,00|0,00|0,00|0,00||
|C190|060|5405|0,00|153,00|0,00|0,00|0,00|0,00|0,00|0,00||
|C190|102|5101|0,00|85,00|0,00|0,00|0,00|0,00|0,00|0,00||
|C100|1|0|CLI000002851|55|00|001|32294|51240107731241000150550010000322941862081768|30012024|30012024|265,00|1|0,00|0,00|265,00|0|0,00|0,00|0,00|265,00|45,05|0,00|0,00|0,00|0,00|0,00|0,00|0,00|
|C190|000|5101|17,00|265,00|265,00|45,05|0,00|0,00|0,00|0,00||
|C100|1|0|CLI000002922|55|00|001|31858|51240107731241000150550010000318581824698704|08012024|08012024|165,00|1|0,00|0,00|165,00|9|0,00|0,00|0,00|0,00|0,00|0,00|0,00|0,00|0,00|0,00|0,00|0,00|
|C190|060|5102|0,00|105,00|0,00|0,00|0,00|0,00|0,00|0,00||
|C190|102|5101|0,00|60,00|0,00|0,00|0,00|0,00|0,00|0,00||
|C100|1|0|CLI000002922|55|00|001|31987|51240107731241000150550010000319871724487156|15012024|15012024|796,50|1|0,00|0,00|796,50|9|0,00|0,00|0,00|0,00|0,00|0,00|0,00|0,00|0,00|0,00|0,00|0,00|
|C190|060|5101|0,00|36,00|0,00|0,00|0,00|0,00|0,00|0,00||
|C190|060|5102|0,00|304,50|0,00|0,00|0,00|0,00|0,00|0,00||
|C190|060|5405|0,00|70,00|0,00|0,00|0,00|0,00|0,00|0,00||
|C190|102|5101|0,00|386,00|0,00|0,00|0,00|0,00|0,00|0,00||
|C100|1|0|CLI000002922|55|00|001|32063|51240107731241000150550010000320631519498510|18012024|18012024|803,00|1|0,00|0,00|803,00|9|0,00|0,00|0,00|0,00|0,00|0,00|0,00|0,00|0,00|0,00|0,00|0,00|
|C190|060|5102|0,00|420,70|0,00|0,00|0,00|0,00|0,00|0,00||
|C190|060|5405|0,00|382,30|0,00|0,00|0,00|0,00|0,00|0,00||
|C100|1|0|CLI000002922|55|00|001|32170|51240107731241000150550010000321701935942175|24012024|24012024|150,00|1|0,00|0,00|150,00|9|0,00|0,00|0,00|150,00|25,50|0,00|0,00|0,00|0,00|0,00|0,00|0,00|
|C190|000|5102|17,00|150,00|150,00|25,50|0,00|0,00|0,00|0,00||
|C100|1|0|CLI000002922|55|00|001|32178|51240107731241000150550010000321781975398830|24012024|24012024|697,20|1|0,00|0,00|697,20|1|0,00|0,00|0,00|528,80|89,90|0,00|0,00|0,00|0,00|0,00|0,00|0,00|
|C190|000|5101|17,00|294,00|294,00|49,98|0,00|0,00|0,00|0,00||
|C190|000|5102|17,00|234,80|234,80|39,92|0,00|0,00|0,00|0,00||
|C190|060|5405|0,00|168,40|0,00|0,00|0,00|0,00|0,00|0,00||
|C100|1|0|CLI000002952|55|00|001|31885|51240107731241000150550010000318851478505238|09012024|09012024|210,00|1|0,00|0,00|210,00|0|0,00|0,00|0,00|0,00|0,00|0,00|0,00|0,00|0,00|0,00|0,00|0,00|
|C190|060|5102|0,00|26,00|0,00|0,00|0,00|0,00|0,00|0,00||
|C190|060|5405|0,00|90,00|0,00|0,00|0,00|0,00|0,00|0,00||
|C190|102|5101|0,00|94,00|0,00|0,00|0,00|0,00|0,00|0,00||
|C100|1|0|CLI000002961|55|00|001|32221|51240107731241000150550010000322211988421669|26012024|26012024|603,00|1|0,00|0,00|603,00|0|0,00|0,00|0,00|603,00|102,51|0,00|0,00|0,00|0,00|0,00|0,00|0,00|
|C190|000|5101|17,00|585,00|585,00|99,45|0,00|0,00|0,00|0,00||
|C190|000|5102|17,00|18,00|18,00|3,06|0,00|0,00|0,00|0,00||
|C100|1|0|CLI000003245|55|00|001|31878|51240107731241000150550010000318781382535859|09012024|09012024|22,00|1|0,00|0,00|22,00|0|0,00|0,00|0,00|0,00|0,00|0,00|0,00|0,00|0,00|0,00|0,00|0,00|
|C190|060|5101|0,00|8,00|0,00|0,00|0,00|0,00|0,00|0,00||
|C190|060|5405|0,00|14,00|0,00|0,00|0,00|0,00|0,00|0,00||
|C100|1|0|CLI000003245|55|00|001|31950|51240107731241000150550010000319501873963901|12012024|12012024|202,00|1|0,00|0,00|202,00|1|0,00|0,00|0,00|0,00|0,00|0,00|0,00|0,00|0,00|0,00|0,00|0,00|
|C190|060|5102|0,00|37,90|0,00|0,00|0,00|0,00|0,00|0,00||
|C190|060|5405|0,00|125,20|0,00|0,00|0,00|0,00|0,00|0,00||
|C190|102|5101|0,00|38,90|0,00|0,00|0,00|0,00|0,00|0,00||
|C100|1|0|CLI000003437|55|00|001|32032|51240107731241000150550010000320321218377210|17012024|17012024|202,20|1|0,00|0,00|202,20|1|0,00|0,00|0,00|0,00|0,00|0,00|0,00|0,00|0,00|0,00|0,00|0,00|
|C190|060|5102|0,00|28,20|0,00|0,00|0,00|0,00|0,00|0,00||
|C190|060|5405|0,00|64,00|0,00|0,00|0,00|0,00|0,00|0,00||
|C190|102|5101|0,00|110,00|0,00|0,00|0,00|0,00|0,00|0,00||
|C100|1|0|CLI000003498|55|00|001|31959|51240107731241000150550010000319591550506466|12012024|12012024|270,90|1|0,00|0,00|270,90|1|0,00|0,00|0,00|0,00|0,00|0,00|0,00|0,00|0,00|0,00|0,00|0,00|
|C190|060|5102|0,00|126,90|0,00|0,00|0,00|0,00|0,00|0,00||
|C190|060|5405|0,00|52,00|0,00|0,00|0,00|0,00|0,00|0,00||
|C190|102|5101|0,00|92,00|0,00|0,00|0,00|0,00|0,00|0,00||
|C100|1|0|CLI000003634|55|00|001|32091|51240107731241000150550010000320911138784430|19012024|19012024|200,00|1|0,00|0,00|200,00|1|0,00|0,00|0,00|0,00|0,00|0,00|0,00|0,00|0,00|0,00|0,00|0,00|
|C190|060|5101|0,00|200,00|0,00|0,00|0,00|0,00|0,00|0,00||
|C100|1|0|CLI000003634|55|00|001|32219|51240107731241000150550010000322191591942598|26012024|26012024|120,00|1|0,00|0,00|120,00|9|0,00|0,00|0,00|120,00|20,40|0,00|0,00|0,00|0,00|0,00|0,00|0,00|
|C190|000|5102|17,00|120,00|120,00|20,40|0,00|0,00|0,00|0,00||
|C100|1|0|CLI000003647|55|00|001|31818|51240107731241000150550010000318181591521577|04012024|04012024|470,55|1|0,00|0,00|470,55|9|0,00|0,00|0,00|0,00|0,00|0,00|0,00|0,00|0,00|0,00|0,00|0,00|
|C190|060|5102|0,00|22,75|0,00|0,00|0,00|0,00|0,00|0,00||
|C190|060|5405|0,00|262,30|0,00|0,00|0,00|0,00|0,00|0,00||
|C190|102|5101|0,00|185,50|0,00|0,00|0,00|0,00|0,00|0,00||
|C100|1|0|CLI000003696|55|00|001|31810|51240107731241000150550010000318101359701326|04012024|04012024|91,00|1|0,00|0,00|85,00|1|0,00|0,00|6,00|0,00|0,00|0,00|0,00|0,00|0,00|0,00|0,00|0,00|
|C190|060|5405|0,00|37,47|0,00|0,00|0,00|0,00|0,00|0,00||
|C190|102|5101|0,00|53,53|0,00|0,00|0,00|0,00|0,00|0,00||
|C100|1|0|CLI000003696|55|00|001|32256|51240107731241000150550010000322561695038948|29012024|29012024|129,00|1|0,00|0,00|129,00|0|0,00|0,00|0,00|129,00|21,93|0,00|0,00|0,00|0,00|0,00|0,00|0,00|
|C190|000|5101|17,00|129,00|129,00|21,93|0,00|0,00|0,00|0,00||
|C100|1|0|CLI000003705|55|00|001|32297|51240107731241000150550010000322971157507441|31012024|31012024|302,75|1|0,00|0,00|302,75|9|0,00|0,00|0,00|206,50|35,11|0,00|0,00|0,00|0,00|0,00|0,00|0,00|
|C190|000|5101|17,00|181,00|181,00|30,77|0,00|0,00|0,00|0,00||
|C190|000|5102|17,00|25,50|25,50|4,34|0,00|0,00|0,00|0,00||
|C190|060|5405|0,00|96,25|0,00|0,00|0,00|0,00|0,00|0,00||
|C100|1|0|CLI000003748|55|00|001|31774|51240107731241000150550010000317741823448770|03012024|03012024|537,00|1|0,00|0,00|537,00|9|0,00|0,00|0,00|0,00|0,00|0,00|0,00|0,00|0,00|0,00|0,00|0,00|
|C190|060|5102|0,00|60,00|0,00|0,00|0,00|0,00|0,00|0,00||
|C190|060|5405|0,00|477,00|0,00|0,00|0,00|0,00|0,00|0,00||
|C100|1|0|CLI000003748|55|00|001|31879|51240107731241000150550010000318791809355907|09012024|09012024|6750,20|1|0,00|0,00|6750,20|9|0,00|0,00|0,00|0,00|0,00|0,00|0,00|0,00|0,00|0,00|0,00|0,00|
|C190|060|5102|0,00|3287,20|0,00|0,00|0,00|0,00|0,00|0,00||
|C190|060|5405|0,00|2834,00|0,00|0,00|0,00|0,00|0,00|0,00||
|C190|102|5101|0,00|629,00|0,00|0,00|0,00|0,00|0,00|0,00||
|C100|1|0|CLI000003748|55|00|001|31937|51240107731241000150550010000319371212769061|11012024|11012024|960,00|1|0,00|0,00|960,00|9|0,00|0,00|0,00|0,00|0,00|0,00|0,00|0,00|0,00|0,00|0,00|0,00|
|C190|060|5405|0,00|960,00|0,00|0,00|0,00|0,00|0,00|0,00||
|C100|1|0|CLI000003748|55|00|001|32042|51240107731241000150550010000320421226082557|17012024|17012024|1599,50|1|0,00|0,00|1599,50|9|0,00|0,00|0,00|0,00|0,00|0,00|0,00|0,00|0,00|0,00|0,00|0,00|
|C190|060|5405|0,00|1599,50|0,00|0,00|0,00|0,00|0,00|0,00||
|C100|1|0|CLI000003755|55|00|001|31897|51240107731241000150550010000318971227037552|10012024|10012024|240,00|1|0,00|0,00|240,00|1|0,00|0,00|0,00|0,00|0,00|0,00|0,00|0,00|0,00|0,00|0,00|0,00|
|C190|060|5405|0,00|240,00|0,00|0,00|0,00|0,00|0,00|0,00||
|C100|1|0|CLI000003842|55|00|001|31746|51240107731241000150550010000317461688041951|02012024|02012024|304,00|0|0,00|0,00|304,00|1|0,00|0,00|0,00|0,00|0,00|0,00|0,00|0,00|0,00|0,00|0,00|0,00|
|C190|060|5405|0,00|304,00|0,00|0,00|0,00|0,00|0,00|0,00||
|C100|1|0|CLI000004008|55|00|001|31823|51240107731241000150550010000318231597310403|04012024|04012024|175,50|1|0,00|0,00|175,50|0|0,00|0,00|0,00|0,00|0,00|0,00|0,00|0,00|0,00|0,00|0,00|0,00|
|C190|060|5102|0,00|15,50|0,00|0,00|0,00|0,00|0,00|0,00||
|C190|102|5101|0,00|160,00|0,00|0,00|0,00|0,00|0,00|0,00||
|C100|1|0|CLI000004008|55|00|001|31991|51240107731241000150550010000319911985020092|15012024|15012024|82,90|1|0,00|0,00|82,90|0|0,00|0,00|0,00|0,00|0,00|0,00|0,00|0,00|0,00|0,00|0,00|0,00|
|C190|060|5102|0,00|23,00|0,00|0,00|0,00|0,00|0,00|0,00||
|C190|060|5405|0,00|29,90|0,00|0,00|0,00|0,00|0,00|0,00||
|C190|102|5101|0,00|30,00|0,00|0,00|0,00|0,00|0,00|0,00||
|C100|1|0|CLI000004008|55|00|001|31992|51240107731241000150550010000319921116650565|15012024|15012024|199,50|1|0,00|0,00|199,50|0|0,00|0,00|0,00|0,00|0,00|0,00|0,00|0,00|0,00|0,00|0,00|0,00|
|C190|060|5405|0,00|199,50|0,00|0,00|0,00|0,00|0,00|0,00||
|C100|1|0|CLI000004058|55|00|001|32260|51240107731241000150550010000322601267602465|29012024|29012024|190,00|1|0,00|0,00|190,00|0|0,00|0,00|0,00|190,00|32,30|0,00|0,00|0,00|0,00|0,00|0,00|0,00|
|C190|000|5101|17,00|86,00|86,00|14,62|0,00|0,00|0,00|0,00||
|C190|000|5102|17,00|104,00|104,00|17,68|0,00|0,00|0,00|0,00||
|C100|1|0|CLI000004093|55|00|001|32006|51240107731241000150550010000320061800784982|16012024|16012024|20,00|1|0,00|0,00|20,00|0|0,00|0,00|0,00|0,00|0,00|0,00|0,00|0,00|0,00|0,00|0,00|0,00|
|C190|102|5101|0,00|20,00|0,00|0,00|0,00|0,00|0,00|0,00||
|C100|1|0|CLI000004187|55|00|001|32047|51240107731241000150550010000320471944299774|17012024|17012024|4400,00|1|0,00|0,00|4400,00|0|0,00|0,00|0,00|0,00|0,00|0,00|0,00|0,00|0,00|0,00|0,00|0,00|
|C190|060|5405|0,00|4400,00|0,00|0,00|0,00|0,00|0,00|0,00||
|C100|1|0|CLI000004314|55|00|001|32304|51240107731241000150550010000323041235601923|31012024|31012024|960,00|1|0,00|0,00|960,00|0|0,00|0,00|0,00|960,00|163,20|0,00|0,00|0,00|0,00|0,00|0,00|0,00|
|C190|000|5101|17,00|960,00|960,00|163,20|0,00|0,00|0,00|0,00||
|C100|1|0|CLI000004350|55|00|001|31904|51240107731241000150550010000319041269831997|10012024|10012024|547,90|1|0,00|0,00|547,90|1|0,00|0,00|0,00|0,00|0,00|0,00|0,00|0,00|0,00|0,00|0,00|0,00|
|C190|060|5102|0,00|28,00|0,00|0,00|0,00|0,00|0,00|0,00||
|C190|060|5405|0,00|39,90|0,00|0,00|0,00|0,00|0,00|0,00||
|C190|102|5101|0,00|480,00|0,00|0,00|0,00|0,00|0,00|0,00||
|C100|1|0|CLI000004350|55|00|001|32119|51240107731241000150550010000321191165301510|22012024|22012024|306,20|1|0,00|0,00|306,20|1|0,00|0,00|0,00|149,70|25,45|0,00|0,00|0,00|0,00|0,00|0,00|0,00|
|C190|000|5101|17,00|60,00|60,00|10,20|0,00|0,00|0,00|0,00||
|C190|000|5102|17,00|89,70|89,70|15,25|0,00|0,00|0,00|0,00||
|C190|060|5405|0,00|18,50|0,00|0,00|0,00|0,00|0,00|0,00||
|C190|090|5102|0,00|138,00|0,00|0,00|0,00|0,00|0,00|0,00||
|C100|1|0|CLI000004354|55|00|001|31962|51240107731241000150550010000319621140303340|12012024|12012024|30,00|1|0,00|0,00|30,00|9|0,00|0,00|0,00|0,00|0,00|0,00|0,00|0,00|0,00|0,00|0,00|0,00|
|C190|102|5101|0,00|30,00|0,00|0,00|0,00|0,00|0,00|0,00||
|C100|1|0|CLI000004407|55|00|001|32070|51240107731241000150550010000320701488080424|18012024|18012024|111,30|1|0,00|0,00|111,30|1|0,00|0,00|0,00|0,00|0,00|0,00|0,00|0,00|0,00|0,00|0,00|0,00|
|C190|060|5102|0,00|32,80|0,00|0,00|0,00|0,00|0,00|0,00||
|C190|060|5405|0,00|63,50|0,00|0,00|0,00|0,00|0,00|0,00||
|C190|102|5101|0,00|15,00|0,00|0,00|0,00|0,00|0,00|0,00||
|C100|1|0|CLI000004440|55|00|001|32115|51240107731241000150550010000321151694764744|22012024|22012024|613,80|1|0,00|0,00|613,80|1|0,00|0,00|0,00|281,00|47,77|0,00|0,00|0,00|0,00|0,00|0,00|0,00|
|C190|000|5101|17,00|281,00|281,00|47,77|0,00|0,00|0,00|0,00||
|C190|060|5102|0,00|17,50|0,00|0,00|0,00|0,00|0,00|0,00||
|C190|060|5405|0,00|315,30|0,00|0,00|0,00|0,00|0,00|0,00||
|C100|1|0|CLI000004440|55|00|001|32161|51240107731241000150550010000321611952029505|24012024|24012024|144,00|1|0,00|0,00|144,00|1|0,00|0,00|0,00|144,00|24,48|0,00|0,00|0,00|0,00|0,00|0,00|0,00|
|C190|000|5102|17,00|144,00|144,00|24,48|0,00|0,00|0,00|0,00||
|C100|1|0|CLI000004461|55|00|001|31951|51240107731241000150550010000319511923561264|12012024|12012024|480,00|1|0,00|0,00|480,00|1|0,00|0,00|0,00|0,00|0,00|0,00|0,00|0,00|0,00|0,00|0,00|0,00|
|C190|060|5405|0,00|480,00|0,00|0,00|0,00|0,00|0,00|0,00||
|C100|1|0|CLI000004482|55|00|001|31791|51240107731241000150550010000317911352104422|03012024|03012024|240,00|0|0,00|0,00|240,00|1|0,00|0,00|0,00|0,00|0,00|0,00|0,00|0,00|0,00|0,00|0,00|0,00|
|C190|060|5405|0,00|240,00|0,00|0,00|0,00|0,00|0,00|0,00||
|C100|1|0|CLI000004502|55|00|001|32247|51240107731241000150550010000322471207589380|29012024|29012024|417,00|1|0,00|0,00|417,00|0|0,00|0,00|0,00|417,00|70,89|0,00|0,00|0,00|0,00|0,00|0,00|0,00|
|C190|000|5101|17,00|417,00|417,00|70,89|0,00|0,00|0,00|0,00||
|C100|1|0|CLI000004506|55|00|001|31766|51240107731241000150550010000317661328669781|02012024|02012024|2800,00|1|0,00|0,00|2800,00|9|0,00|0,00|0,00|0,00|0,00|0,00|0,00|0,00|0,00|0,00|0,00|0,00|
|C190|060|5101|0,00|2800,00|0,00|0,00|0,00|0,00|0,00|0,00||
|C100|1|0|CLI000004667|55|00|001|32101|51240107731241000150550010000321011640194766|19012024|19012024|2240,00|1|0,00|0,00|2240,00|0|0,00|0,00|0,00|0,00|0,00|0,00|0,00|0,00|0,00|0,00|0,00|0,00|
|C190|060|5405|0,00|2240,00|0,00|0,00|0,00|0,00|0,00|0,00||
|C100|1|0|CLI000004667|55|00|001|32131|51240107731241000150550010000321311850231411|22012024|22012024|1200,00|1|0,00|0,00|1200,00|0|0,00|0,00|0,00|1200,00|89,88|0,00|0,00|0,00|0,00|0,00|0,00|0,00|
|C190|010|5101|7,49|1200,00|1200,00|89,88|0,00|0,00|0,00|0,00||
|C100|1|0|CLI000004667|55|00|001|32181|51240107731241000150550010000321811249124055|24012024|24012024|60,00|2|0,00|0,00|60,00|1|0,00|0,00|0,00|60,00|10,20|0,00|0,00|0,00|0,00|0,00|0,00|0,00|
|C190|000|5910|17,00|60,00|60,00|10,20|0,00|0,00|0,00|0,00||
|C100|1|0|CLI000004676|55|00|001|31860|51240107731241000150550010000318601956473422|08012024|08012024|369,30|1|0,00|0,00|369,30|1|0,00|0,00|0,00|0,00|0,00|0,00|0,00|0,00|0,00|0,00|0,00|0,00|
|C190|060|5101|0,00|24,00|0,00|0,00|0,00|0,00|0,00|0,00||
|C190|060|5102|0,00|50,70|0,00|0,00|0,00|0,00|0,00|0,00||
|C190|060|5405|0,00|238,60|0,00|0,00|0,00|0,00|0,00|0,00||
|C190|102|5101|0,00|56,00|0,00|0,00|0,00|0,00|0,00|0,00||
|C100|1|0|CLI000004676|55|00|001|32205|51240107731241000150550010000322051581123459|25012024|25012024|296,80|1|0,00|0,00|296,80|0|0,00|0,00|0,00|133,00|22,61|0,00|0,00|0,00|0,00|0,00|0,00|0,00|
|C190|000|5101|17,00|52,00|52,00|8,84|0,00|0,00|0,00|0,00||
|C190|000|5102|17,00|81,00|81,00|13,77|0,00|0,00|0,00|0,00||
|C190|060|5405|0,00|163,80|0,00|0,00|0,00|0,00|0,00|0,00||
|C100|1|0|CLI000004719|55|00|001|31990|51240107731241000150550010000319901754455916|15012024|15012024|433,90|1|0,00|0,00|433,90|0|0,00|0,00|0,00|0,00|0,00|0,00|0,00|0,00|0,00|0,00|0,00|0,00|
|C190|060|5102|0,00|56,90|0,00|0,00|0,00|0,00|0,00|0,00||
|C190|060|5405|0,00|377,00|0,00|0,00|0,00|0,00|0,00|0,00||
|C100|1|0|CLI000004785|55|00|001|32059|51240107731241000150550010000320591119488980|18012024|18012024|222,00|1|0,00|0,00|222,00|9|0,00|0,00|0,00|0,00|0,00|0,00|0,00|0,00|0,00|0,00|0,00|0,00|
|C190|060|5405|0,00|53,00|0,00|0,00|0,00|0,00|0,00|0,00||
|C190|102|5101|0,00|169,00|0,00|0,00|0,00|0,00|0,00|0,00||
|C100|1|0|CLI000004841|55|00|001|32097|51240107731241000150550010000320971824982940|19012024|19012024|2800,00|1|0,00|0,00|2800,00|9|0,00|0,00|0,00|0,00|0,00|0,00|0,00|0,00|0,00|0,00|0,00|0,00|
|C190|090|5101|0,00|2800,00|0,00|0,00|0,00|0,00|0,00|0,00||
|C100|1|0|CLI000004880|55|00|001|32001|51240107731241000150550010000320011109730800|16012024|16012024|331,50|1|0,00|0,00|331,50|1|0,00|0,00|0,00|0,00|0,00|0,00|0,00|0,00|0,00|0,00|0,00|0,00|
|C190|060|5102|0,00|14,90|0,00|0,00|0,00|0,00|0,00|0,00||
|C190|060|5405|0,00|160,60|0,00|0,00|0,00|0,00|0,00|0,00||
|C190|102|5101|0,00|156,00|0,00|0,00|0,00|0,00|0,00|0,00||
|C100|1|0|CLI000005267|55|00|001|32116|51240107731241000150550010000321161355066170|22012024|22012024|156,00|1|0,00|0,00|156,00|9|0,00|0,00|0,00|121,00|20,57|0,00|0,00|0,00|0,00|0,00|0,00|0,00|
|C190|000|5101|17,00|86,00|86,00|14,62|0,00|0,00|0,00|0,00||
|C190|000|5102|17,00|35,00|35,00|5,95|0,00|0,00|0,00|0,00||
|C190|060|5405|0,00|35,00|0,00|0,00|0,00|0,00|0,00|0,00||
|C100|1|0|CLI000005277|55|00|001|31898|51240107731241000150550010000318981501006881|10012024|10012024|122,40|1|0,00|0,00|122,40|1|0,00|0,00|0,00|0,00|0,00|0,00|0,00|0,00|0,00|0,00|0,00|0,00|
|C190|102|5101|0,00|122,40|0,00|0,00|0,00|0,00|0,00|0,00||
|C100|1|0|CLI000005277|55|00|001|32012|51240107731241000150550010000320121319992805|16012024|16012024|231,90|1|0,00|0,00|231,90|0|0,00|0,00|0,00|0,00|0,00|0,00|0,00|0,00|0,00|0,00|0,00|0,00|
|C190|060|5102|0,00|49,00|0,00|0,00|0,00|0,00|0,00|0,00||
|C190|060|5405|0,00|134,00|0,00|0,00|0,00|0,00|0,00|0,00||
|C190|102|5101|0,00|48,90|0,00|0,00|0,00|0,00|0,00|0,00||
|C100|1|0|CLI000005507|55|00|001|31961|51240107731241000150550010000319611997578965|12012024|12012024|102,90|1|0,00|0,00|102,90|9|0,00|0,00|0,00|0,00|0,00|0,00|0,00|0,00|0,00|0,00|0,00|0,00|
|C190|060|5405|0,00|59,90|0,00|0,00|0,00|0,00|0,00|0,00||
|C190|102|5101|0,00|43,00|0,00|0,00|0,00|0,00|0,00|0,00||
|C100|1|0|CLI000005752|55|00|001|32052|51240107731241000150550010000320521597006294|17012024|17012024|62,00|1|0,00|0,00|62,00|0|0,00|0,00|0,00|0,00|0,00|0,00|0,00|0,00|0,00|0,00|0,00|0,00|
|C190|060|5102|0,00|36,00|0,00|0,00|0,00|0,00|0,00|0,00||
|C190|060|5405|0,00|11,00|0,00|0,00|0,00|0,00|0,00|0,00||
|C190|102|5101|0,00|15,00|0,00|0,00|0,00|0,00|0,00|0,00||
|C100|1|0|CLI000005764|55|00|001|31756|51240107731241000150550010000317561827189134|02012024|02012024|345,00|1|0,00|0,00|345,00|1|0,00|0,00|0,00|0,00|0,00|0,00|0,00|0,00|0,00|0,00|0,00|0,00|
|C190|060|5405|0,00|345,00|0,00|0,00|0,00|0,00|0,00|0,00||
|C100|1|0|CLI000005764|55|00|001|31905|51240107731241000150550010000319051359840402|10012024|10012024|33,80|1|0,00|0,00|33,80|1|0,00|0,00|0,00|0,00|0,00|0,00|0,00|0,00|0,00|0,00|0,00|0,00|
|C190|060|5102|0,00|24,00|0,00|0,00|0,00|0,00|0,00|0,00||
|C190|060|5405|0,00|9,80|0,00|0,00|0,00|0,00|0,00|0,00||
|C100|1|0|CLI000005817|55|00|001|31906|51240107731241000150550010000319061689379587|10012024|10012024|640,00|1|0,00|0,00|640,00|1|0,00|0,00|0,00|0,00|0,00|0,00|0,00|0,00|0,00|0,00|0,00|0,00|
|C190|102|5101|0,00|640,00|0,00|0,00|0,00|0,00|0,00|0,00||
|C100|1|0|CLI000005817|55|00|001|32267|51240107731241000150550010000322671850166480|30012024|30012024|742,00|1|0,00|0,00|742,00|9|0,00|0,00|0,00|738,00|125,46|0,00|0,00|0,00|0,00|0,00|0,00|0,00|
|C190|000|5101|17,00|738,00|738,00|125,46|0,00|0,00|0,00|0,00||
|C190|060|5405|0,00|4,00|0,00|0,00|0,00|0,00|0,00|0,00||
|C100|1|0|CLI000006016|55|00|001|32218|51240107731241000150550010000322181617432241|26012024|26012024|360,00|1|0,00|0,00|360,00|1|0,00|0,00|0,00|360,00|61,20|0,00|0,00|0,00|0,00|0,00|0,00|0,00|
|C190|000|5101|17,00|360,00|360,00|61,20|0,00|0,00|0,00|0,00||
|C100|1|0|CLI000006016|55|00|001|32251|51240107731241000150550010000322511648496998|29012024|29012024|810,00|1|0,00|0,00|810,00|9|0,00|0,00|0,00|810,00|137,70|0,00|0,00|0,00|0,00|0,00|0,00|0,00|
|C190|000|5101|17,00|810,00|810,00|137,70|0,00|0,00|0,00|0,00||
|C100|1|0|CLI000006167|55|00|001|31862|51240107731241000150550010000318621551961914|08012024|08012024|115,00|1|0,00|0,00|115,00|1|0,00|0,00|0,00|0,00|0,00|0,00|0,00|0,00|0,00|0,00|0,00|0,00|
|C190|060|6101|0,00|25,00|0,00|0,00|0,00|0,00|0,00|0,00||
|C190|060|6102|0,00|90,00|0,00|0,00|0,00|0,00|0,00|0,00||
|C100|1|0|CLI000006183|55|00|001|32240|51240107731241000150550010000322401763276942|29012024|29012024|704,00|1|0,00|0,00|704,00|9|0,00|0,00|0,00|603,00|102,52|0,00|0,00|0,00|0,00|0,00|0,00|0,00|
|C190|000|5101|17,00|447,50|447,50|76,08|0,00|0,00|0,00|0,00||
|C190|000|5102|17,00|155,50|155,50|26,44|0,00|0,00|0,00|0,00||
|C190|060|5405|0,00|101,00|0,00|0,00|0,00|0,00|0,00|0,00||
|C100|1|0|CLI000006230|55|00|001|31740|51240107731241000150550010000317401140790870|02012024|02012024|580,00|1|0,00|0,00|580,00|1|0,00|0,00|0,00|0,00|0,00|0,00|0,00|0,00|0,00|0,00|0,00|0,00|
|C190|060|5405|0,00|480,00|0,00|0,00|0,00|0,00|0,00|0,00||
|C190|102|5101|0,00|100,00|0,00|0,00|0,00|0,00|0,00|0,00||
|C100|1|0|CLI000006230|55|00|001|32236|51240107731241000150550010000322361645051581|29012024|29012024|671,90|1|0,00|0,00|671,90|1|0,00|0,00|0,00|671,90|114,22|0,00|0,00|0,00|0,00|0,00|0,00|0,00|
|C190|000|5101|17,00|540,00|540,00|91,80|0,00|0,00|0,00|0,00||
|C190|000|5102|17,00|131,90|131,90|22,42|0,00|0,00|0,00|0,00||
|C100|1|0|CLI000006352|55|00|001|31761|51240107731241000150550010000317611156587719|02012024|02012024|77,00|1|0,00|0,00|77,00|0|0,00|0,00|0,00|0,00|0,00|0,00|0,00|0,00|0,00|0,00|0,00|0,00|
|C190|060|5102|0,00|30,00|0,00|0,00|0,00|0,00|0,00|0,00||
|C190|060|5405|0,00|17,00|0,00|0,00|0,00|0,00|0,00|0,00||
|C190|102|5101|0,00|30,00|0,00|0,00|0,00|0,00|0,00|0,00||
|C100|1|0|CLI000006352|55|00|001|32232|51240107731241000150550010000322321252857670|26012024|26012024|70,50|1|0,00|0,00|70,50|0|0,00|0,00|0,00|46,50|7,91|0,00|0,00|0,00|0,00|0,00|0,00|0,00|
|C190|000|5101|17,00|40,00|40,00|6,80|0,00|0,00|0,00|0,00||
|C190|000|5102|17,00|6,50|6,50|1,11|0,00|0,00|0,00|0,00||
|C190|060|5405|0,00|24,00|0,00|0,00|0,00|0,00|0,00|0,00||
|C100|1|0|CLI000006357|55|00|001|32113|51240107731241000150550010000321131491158713|22012024|22012024|77,90|1|0,00|0,00|77,90|0|0,00|0,00|0,00|6,00|1,02|0,00|0,00|0,00|0,00|0,00|0,00|0,00|
|C190|000|5101|17,00|6,00|6,00|1,02|0,00|0,00|0,00|0,00||
|C190|060|5405|0,00|44,90|0,00|0,00|0,00|0,00|0,00|0,00||
|C190|090|5102|0,00|27,00|0,00|0,00|0,00|0,00|0,00|0,00||
|C100|1|0|CLI000006387|55|00|001|31993|51240107731241000150550010000319931828981456|15012024|15012024|481,90|1|0,00|0,00|481,90|0|0,00|0,00|0,00|0,00|0,00|0,00|0,00|0,00|0,00|0,00|0,00|0,00|
|C190|060|5405|0,00|273,50|0,00|0,00|0,00|0,00|0,00|0,00||
|C190|102|5101|0,00|93,50|0,00|0,00|0,00|0,00|0,00|0,00||
|C190|102|5102|0,00|114,90|0,00|0,00|0,00|0,00|0,00|0,00||
|C100|1|0|CLI000006389|55|00|001|31781|51240107731241000150550010000317811939452760|03012024|03012024|667,80|0|0,00|0,00|667,80|0|0,00|0,00|0,00|0,00|0,00|0,00|0,00|0,00|0,00|0,00|0,00|0,00|
|C190|060|5102|0,00|69,80|0,00|0,00|0,00|0,00|0,00|0,00||
|C190|060|5405|0,00|598,00|0,00|0,00|0,00|0,00|0,00|0,00||
|C100|1|0|CLI000006571|55|00|001|32276|51240107731241000150550010000322761157189199|30012024|30012024|118,50|1|0,00|0,00|118,50|0|0,00|0,00|0,00|67,50|11,48|0,00|0,00|0,00|0,00|0,00|0,00|0,00|
|C190|000|5101|17,00|67,50|67,50|11,48|0,00|0,00|0,00|0,00||
|C190|060|5405|0,00|51,00|0,00|0,00|0,00|0,00|0,00|0,00||
|C100|1|0|CLI000006600|55|00|001|31824|51240107731241000150550010000318241854104111|04012024|04012024|187,00|0|0,00|0,00|187,00|0|0,00|0,00|0,00|0,00|0,00|0,00|0,00|0,00|0,00|0,00|0,00|0,00|
|C190|060|5102|0,00|35,00|0,00|0,00|0,00|0,00|0,00|0,00||
|C190|060|5405|0,00|152,00|0,00|0,00|0,00|0,00|0,00|0,00||
|C100|1|0|CLI000006600|55|00|001|31903|51240107731241000150550010000319031573687445|10012024|10012024|167,10|1|0,00|0,00|167,10|0|0,00|0,00|0,00|0,00|0,00|0,00|0,00|0,00|0,00|0,00|0,00|0,00|
|C190|060|5102|0,00|74,90|0,00|0,00|0,00|0,00|0,00|0,00||
|C190|060|5405|0,00|80,50|0,00|0,00|0,00|0,00|0,00|0,00||
|C190|102|5101|0,00|11,70|0,00|0,00|0,00|0,00|0,00|0,00||
|C100|1|0|CLI000006600|55|00|001|32287|51240107731241000150550010000322871616907065|30012024|30012024|150,00|1|0,00|0,00|150,00|0|0,00|0,00|0,00|150,00|25,50|0,00|0,00|0,00|0,00|0,00|0,00|0,00|
|C190|000|5101|17,00|80,00|80,00|13,60|0,00|0,00|0,00|0,00||
|C190|000|5102|17,00|70,00|70,00|11,90|0,00|0,00|0,00|0,00||
|C100|1|0|CLI000006760|55|00|001|31942|51240107731241000150550010000319421240710637|11012024|11012024|215,20|1|0,00|0,00|215,20|1|0,00|0,00|0,00|0,00|0,00|0,00|0,00|0,00|0,00|0,00|0,00|0,00|
|C190|060|5102|0,00|75,30|0,00|0,00|0,00|0,00|0,00|0,00||
|C190|060|5405|0,00|68,90|0,00|0,00|0,00|0,00|0,00|0,00||
|C190|102|5101|0,00|71,00|0,00|0,00|0,00|0,00|0,00|0,00||
|C100|1|0|CLI000006775|55|00|001|31834|51240107731241000150550010000318341453280683|05012024|05012024|141,00|1|0,00|0,00|141,00|1|0,00|0,00|0,00|0,00|0,00|0,00|0,00|0,00|0,00|0,00|0,00|0,00|
|C190|060|5101|0,00|8,00|0,00|0,00|0,00|0,00|0,00|0,00||
|C190|102|5101|0,00|133,00|0,00|0,00|0,00|0,00|0,00|0,00||
|C100|1|0|CLI000006775|55|00|001|31835|51240107731241000150550010000318351614376773|05012024|05012024|90,00|1|0,00|0,00|90,00|1|0,00|0,00|0,00|0,00|0,00|0,00|0,00|0,00|0,00|0,00|0,00|0,00|
|C190|102|5101|0,00|90,00|0,00|0,00|0,00|0,00|0,00|0,00||
|C100|1|0|CLI000006775|55|00|001|31836|51240107731241000150550010000318361528173301|05012024|05012024|105,00|1|0,00|0,00|105,00|1|0,00|0,00|0,00|0,00|0,00|0,00|0,00|0,00|0,00|0,00|0,00|0,00|
|C190|102|5101|0,00|105,00|0,00|0,00|0,00|0,00|0,00|0,00||
|C100|1|0|CLI000006896|55|00|001|31870|51240107731241000150550010000318701205252880|09012024|09012024|118,00|1|0,00|0,00|118,00|1|0,00|0,00|0,00|0,00|0,00|0,00|0,00|0,00|0,00|0,00|0,00|0,00|
|C190|102|5101|0,00|118,00|0,00|0,00|0,00|0,00|0,00|0,00||
|C100|1|0|CLI000006935|55|00|001|31928|51240107731241000150550010000319281262718500|11012024|11012024|68,00|0|0,00|0,00|68,00|0|0,00|0,00|0,00|0,00|0,00|0,00|0,00|0,00|0,00|0,00|0,00|0,00|
|C190|060|5405|0,00|68,00|0,00|0,00|0,00|0,00|0,00|0,00||
|C100|1|0|CLI000006943|55|00|001|31776|51240107731241000150550010000317761793288138|03012024|03012024|121,90|1|0,00|0,00|121,90|1|0,00|0,00|0,00|0,00|0,00|0,00|0,00|0,00|0,00|0,00|0,00|0,00|
|C190|060|5102|0,00|7,90|0,00|0,00|0,00|0,00|0,00|0,00||
|C190|102|5101|0,00|114,00|0,00|0,00|0,00|0,00|0,00|0,00||
|C100|1|0|CLI000006943|55|00|001|31891|51240107731241000150550010000318911701447538|10012024|10012024|104,00|1|0,00|0,00|104,00|1|0,00|0,00|0,00|0,00|0,00|0,00|0,00|0,00|0,00|0,00|0,00|0,00|
|C190|102|5101|0,00|104,00|0,00|0,00|0,00|0,00|0,00|0,00||
|C100|1|0|CLI000006943|55|00|001|32000|51240107731241000150550010000320001596216604|16012024|16012024|174,00|1|0,00|0,00|174,00|1|0,00|0,00|0,00|0,00|0,00|0,00|0,00|0,00|0,00|0,00|0,00|0,00|
|C190|000|5101|0,00|25,00|0,00|0,00|0,00|0,00|0,00|0,00||
|C190|102|5101|0,00|149,00|0,00|0,00|0,00|0,00|0,00|0,00||
|C195|15||
|C195|16||
|C100|1|0|CLI000006943|55|00|001|32258|51240107731241000150550010000322581993540913|29012024|29012024|75,00|1|0,00|0,00|69,00|0|0,00|0,00|6,00|75,00|12,75|0,00|0,00|0,00|0,00|0,00|0,00|0,00|
|C190|000|5101|17,00|75,00|75,00|12,75|0,00|0,00|0,00|0,00||
|C100|1|0|CLI000006969|55|00|001|31799|51240107731241000150550010000317991397996010|04012024|04012024|450,00|1|0,00|0,00|450,00|9|0,00|0,00|0,00|0,00|0,00|0,00|0,00|0,00|0,00|0,00|0,00|0,00|
|C190|102|5101|0,00|450,00|0,00|0,00|0,00|0,00|0,00|0,00||
|C100|1|0|CLI000007007|55|00|001|31741|51240107731241000150550010000317411178280036|02012024|02012024|300,00|0|0,00|0,00|300,00|1|0,00|0,00|0,00|0,00|0,00|0,00|0,00|0,00|0,00|0,00|0,00|0,00|
|C190|060|5102|0,00|300,00|0,00|0,00|0,00|0,00|0,00|0,00||
|C100|1|0|CLI000007012|55|00|001|31748|51240107731241000150550010000317481525004539|02012024|02012024|195,90|1|0,00|0,00|195,90|1|0,00|0,00|0,00|0,00|0,00|0,00|0,00|0,00|0,00|0,00|0,00|0,00|
|C190|060|5405|0,00|195,90|0,00|0,00|0,00|0,00|0,00|0,00||
|C100|1|0|CLI000007012|55|00|001|31850|51240107731241000150550010000318501871617130|08012024|08012024|457,00|1|0,00|0,00|457,00|1|0,00|0,00|0,00|0,00|0,00|0,00|0,00|0,00|0,00|0,00|0,00|0,00|
|C190|000|5101|0,00|25,00|0,00|0,00|0,00|0,00|0,00|0,00||
|C190|060|5405|0,00|432,00|0,00|0,00|0,00|0,00|0,00|0,00||
|C195|17||
|C195|18||
|C100|1|0|CLI000007012|55|00|001|31908|51240107731241000150550010000319081610776384|10012024|10012024|1842,00|1|0,00|0,00|1842,00|1|0,00|0,00|0,00|0,00|0,00|0,00|0,00|0,00|0,00|0,00|0,00|0,00|
|C190|000|5101|0,00|100,00|0,00|0,00|0,00|0,00|0,00|0,00||
|C190|060|5102|0,00|560,00|0,00|0,00|0,00|0,00|0,00|0,00||
|C190|060|5405|0,00|952,00|0,00|0,00|0,00|0,00|0,00|0,00||
|C190|102|5101|0,00|230,00|0,00|0,00|0,00|0,00|0,00|0,00||
|C195|17||
|C195|19||
|C100|1|0|CLI000007044|55|00|001|31979|51240107731241000150550010000319791751930101|15012024|15012024|203,70|1|0,00|0,00|203,70|0|0,00|0,00|0,00|0,00|0,00|0,00|0,00|0,00|0,00|0,00|0,00|0,00|
|C190|060|5405|0,00|203,70|0,00|0,00|0,00|0,00|0,00|0,00||
|C100|1|0|CLI000007098|55|00|001|32184|51240107731241000150550010000321841761802131|25012024|25012024|824,00|1|0,00|0,00|824,00|1|0,00|0,00|0,00|824,00|140,08|0,00|0,00|0,00|0,00|0,00|0,00|0,00|
|C190|000|5101|17,00|824,00|824,00|140,08|0,00|0,00|0,00|0,00||
|C100|1|0|CLI000007279|55|00|001|32182|51240107731241000150550010000321821850467686|24012024|24012024|227,90|1|0,00|0,00|227,90|9|0,00|0,00|0,00|220,00|37,40|0,00|0,00|0,00|0,00|0,00|0,00|0,00|
|C190|000|5101|17,00|220,00|220,00|37,40|0,00|0,00|0,00|0,00||
|C190|060|5405|0,00|7,90|0,00|0,00|0,00|0,00|0,00|0,00||
|C100|1|0|CLI000007286|55|00|001|31769|51240107731241000150550010000317691594438186|03012024|03012024|978,80|1|0,00|0,00|978,80|1|0,00|0,00|0,00|0,00|0,00|0,00|0,00|0,00|0,00|0,00|0,00|0,00|
|C190|000|5101|0,00|100,00|0,00|0,00|0,00|0,00|0,00|0,00||
|C190|060|5102|0,00|15,00|0,00|0,00|0,00|0,00|0,00|0,00||
|C190|060|5405|0,00|863,80|0,00|0,00|0,00|0,00|0,00|0,00||
|C195|20||
|C195|21||
|C100|1|0|CLI000007286|55|00|001|31771|51240107731241000150550010000317711959521930|03012024|03012024|86,00|1|0,00|0,00|86,00|1|0,00|0,00|0,00|0,00|0,00|0,00|0,00|0,00|0,00|0,00|0,00|0,00|
|C190|102|5101|0,00|86,00|0,00|0,00|0,00|0,00|0,00|0,00||
|C100|1|0|CLI000007462|55|00|001|31914|51240107731241000150550010000319141841274586|10012024|10012024|714,55|1|4,60|0,00|719,15|0|0,00|0,00|0,00|0,00|0,00|0,00|0,00|0,00|0,00|0,00|0,00|0,00|
|C190|060|5102|0,00|12,00|0,00|0,00|0,00|0,00|0,00|0,00||
|C190|060|5405|0,00|471,00|0,00|0,00|0,00|0,00|0,00|0,00||
|C190|102|5101|0,00|109,25|0,00|0,00|0,00|0,00|0,00|0,00||
|C190|102|5102|0,00|122,30|0,00|0,00|0,00|0,00|0,00|0,00||
|C100|1|0|CLI000007462|55|00|001|31915|51240107731241000150550010000319151591380535|10012024|10012024|34,75|0|0,00|0,00|34,75|9|0,00|0,00|0,00|0,00|0,00|0,00|0,00|0,00|0,00|0,00|0,00|0,00|
|C190|060|5405|0,00|34,75|0,00|0,00|0,00|0,00|0,00|0,00||
|C100|1|0|CLI000007471|55|00|001|31969|51240107731241000150550010000319691374514127|12012024|12012024|310,00|1|0,00|0,00|310,00|0|0,00|0,00|0,00|0,00|0,00|0,00|0,00|0,00|0,00|0,00|0,00|0,00|
|C190|060|5405|0,00|280,00|0,00|0,00|0,00|0,00|0,00|0,00||
|C190|102|5101|0,00|30,00|0,00|0,00|0,00|0,00|0,00|0,00||
|C100|1|0|CLI000007563|55|00|001|31975|51240107731241000150550010000319751923421669|15012024|15012024|54,00|0|0,00|0,00|54,00|0|0,00|0,00|0,00|0,00|0,00|0,00|0,00|0,00|0,00|0,00|0,00|0,00|
|C190|102|5102|0,00|54,00|0,00|0,00|0,00|0,00|0,00|0,00||
|C100|1|0|CLI000007585|55|00|001|32195|51240107731241000150550010000321951957244135|25012024|25012024|320,00|1|0,00|0,00|320,00|1|0,00|0,00|0,00|320,00|54,40|0,00|0,00|0,00|0,00|0,00|0,00|0,00|
|C190|000|5101|17,00|320,00|320,00|54,40|0,00|0,00|0,00|0,00||
|C100|1|0|CLI000007819|55|00|001|32321|51240107731241000150550010000323211561300303|31012024|31012024|33,00|0|0,00|0,00|33,00|0|0,00|0,00|0,00|33,00|5,61|0,00|0,00|0,00|0,00|0,00|0,00|0,00|
|C190|000|5102|17,00|33,00|33,00|5,61|0,00|0,00|0,00|0,00||
|C100|1|0|CLI000007896|55|00|001|31800|51240107731241000150550010000318001947672860|04012024|04012024|480,00|0|0,00|0,00|480,00|1|0,00|0,00|0,00|0,00|0,00|0,00|0,00|0,00|0,00|0,00|0,00|0,00|
|C190|060|5405|0,00|480,00|0,00|0,00|0,00|0,00|0,00|0,00||
|C100|1|0|CLI000007896|55|00|001|31887|51240107731241000150550010000318871950673202|09012024|09012024|484,80|1|0,00|0,00|484,80|1|0,00|0,00|0,00|0,00|0,00|0,00|0,00|0,00|0,00|0,00|0,00|0,00|
|C190|060|5102|0,00|44,00|0,00|0,00|0,00|0,00|0,00|0,00||
|C190|060|5405|0,00|401,00|0,00|0,00|0,00|0,00|0,00|0,00||
|C190|102|5101|0,00|39,80|0,00|0,00|0,00|0,00|0,00|0,00||
|C100|1|0|CLI000007950|55|00|001|31893|51240107731241000150550010000318931903352141|10012024|10012024|210,00|1|0,00|0,00|210,00|9|0,00|0,00|0,00|0,00|0,00|0,00|0,00|0,00|0,00|0,00|0,00|0,00|
|C190|102|5101|0,00|210,00|0,00|0,00|0,00|0,00|0,00|0,00||
|C100|1|0|CLI000008145|55|00|001|31912|51240107731241000150550010000319121561709073|10012024|10012024|156,00|1|0,00|0,00|156,00|0|0,00|0,00|0,00|0,00|0,00|0,00|0,00|0,00|0,00|0,00|0,00|0,00|
|C190|102|5101|0,00|156,00|0,00|0,00|0,00|0,00|0,00|0,00||
|C100|1|0|CLI000008151|55|00|001|32094|51240107731241000150550010000320941711429985|19012024|19012024|24,00|1|0,00|0,00|24,00|0|0,00|0,00|0,00|0,00|0,00|0,00|0,00|0,00|0,00|0,00|0,00|0,00|
|C190|060|5101|0,00|24,00|0,00|0,00|0,00|0,00|0,00|0,00||
|C100|1|0|CLI000008162|55|00|001|31755|51240107731241000150550010000317551901618792|02012024|02012024|810,80|1|0,00|0,00|810,80|9|0,00|0,00|0,00|0,00|0,00|0,00|0,00|0,00|0,00|0,00|0,00|0,00|
|C190|041|5101|0,00|13,00|0,00|0,00|0,00|0,00|0,00|0,00||
|C190|060|5102|0,00|97,70|0,00|0,00|0,00|0,00|0,00|0,00||
|C190|060|5405|0,00|554,60|0,00|0,00|0,00|0,00|0,00|0,00||
|C190|102|5101|0,00|145,50|0,00|0,00|0,00|0,00|0,00|0,00||
|C100|1|0|CLI000008162|55|00|001|32056|51240107731241000150550010000320561394138756|17012024|17012024|1206,80|1|0,00|0,00|1206,80|0|0,00|0,00|0,00|0,00|0,00|0,00|0,00|0,00|0,00|0,00|0,00|0,00|
|C190|041|5101|0,00|13,00|0,00|0,00|0,00|0,00|0,00|0,00||
|C190|060|5102|0,00|493,20|0,00|0,00|0,00|0,00|0,00|0,00||
|C190|060|5405|0,00|637,60|0,00|0,00|0,00|0,00|0,00|0,00||
|C190|102|5101|0,00|63,00|0,00|0,00|0,00|0,00|0,00|0,00||
|C100|1|0|CLI000008162|55|00|001|32076|51240107731241000150550010000320761269552464|18012024|18012024|30,00|1|0,00|0,00|30,00|0|0,00|0,00|0,00|0,00|0,00|0,00|0,00|0,00|0,00|0,00|0,00|0,00|
|C190|060|5405|0,00|30,00|0,00|0,00|0,00|0,00|0,00|0,00||
|C100|1|0|CLI000008168|55|00|001|31861|51240107731241000150550010000318611443457863|08012024|08012024|466,95|1|0,00|0,00|466,95|1|0,00|0,00|0,00|0,00|0,00|0,00|0,00|0,00|0,00|0,00|0,00|0,00|
|C190|060|5102|0,00|115,70|0,00|0,00|0,00|0,00|0,00|0,00||
|C190|060|5405|0,00|292,00|0,00|0,00|0,00|0,00|0,00|0,00||
|C190|102|5101|0,00|59,25|0,00|0,00|0,00|0,00|0,00|0,00||
|C100|1|0|CLI000008168|55|00|001|32095|51240107731241000150550010000320951229188449|19012024|19012024|153,50|1|0,00|0,00|153,50|1|0,00|0,00|0,00|0,00|0,00|0,00|0,00|0,00|0,00|0,00|0,00|0,00|
|C190|060|5101|0,00|98,50|0,00|0,00|0,00|0,00|0,00|0,00||
|C190|060|5405|0,00|55,00|0,00|0,00|0,00|0,00|0,00|0,00||
|C100|1|0|CLI000008220|55|00|001|31886|51240107731241000150550010000318861258601928|09012024|09012024|374,80|1|0,00|0,00|374,80|1|0,00|0,00|0,00|0,00|0,00|0,00|0,00|0,00|0,00|0,00|0,00|0,00|
|C190|000|5101|0,00|50,00|0,00|0,00|0,00|0,00|0,00|0,00||
|C190|060|5102|0,00|35,90|0,00|0,00|0,00|0,00|0,00|0,00||
|C190|060|5405|0,00|68,90|0,00|0,00|0,00|0,00|0,00|0,00||
|C190|102|5101|0,00|220,00|0,00|0,00|0,00|0,00|0,00|0,00||
|C195|22||
|C195|23||
|C100|1|0|CLI000008220|55|00|001|32239|51240107731241000150550010000322391418526491|29012024|29012024|439,80|1|0,00|0,00|439,80|9|0,00|0,00|0,00|362,80|61,68|0,00|0,00|0,00|0,00|0,00|0,00|0,00|
|C190|000|5101|17,00|329,00|329,00|55,93|0,00|0,00|0,00|0,00||
|C190|000|5102|17,00|33,80|33,80|5,75|0,00|0,00|0,00|0,00||
|C190|060|5405|0,00|77,00|0,00|0,00|0,00|0,00|0,00|0,00||
|C100|1|0|CLI000008223|55|00|001|32100|51240107731241000150550010000321001418922648|19012024|19012024|40,30|1|0,00|0,00|40,30|1|0,00|0,00|0,00|0,00|0,00|0,00|0,00|0,00|0,00|0,00|0,00|0,00|
|C190|060|5101|0,00|20,00|0,00|0,00|0,00|0,00|0,00|0,00||
|C190|060|5405|0,00|15,40|0,00|0,00|0,00|0,00|0,00|0,00||
|C190|090|5102|0,00|4,90|0,00|0,00|0,00|0,00|0,00|0,00||
|C100|1|0|CLI000008435|55|00|001|31777|51240107731241000150550010000317771362139823|03012024|03012024|148,00|1|0,00|0,00|148,00|9|0,00|0,00|0,00|0,00|0,00|0,00|0,00|0,00|0,00|0,00|0,00|0,00|
|C190|060|5405|0,00|148,00|0,00|0,00|0,00|0,00|0,00|0,00||
|C100|1|0|CLI000008435|55|00|001|31778|51240107731241000150550010000317781277840021|03012024|03012024|298,00|1|0,00|0,00|298,00|9|0,00|0,00|0,00|0,00|0,00|0,00|0,00|0,00|0,00|0,00|0,00|0,00|
|C190|060|5405|0,00|298,00|0,00|0,00|0,00|0,00|0,00|0,00||
|C100|1|0|CLI000008435|55|00|001|31929|51240107731241000150550010000319291844822650|11012024|11012024|120,00|1|0,00|0,00|120,00|1|0,00|0,00|0,00|0,00|0,00|0,00|0,00|0,00|0,00|0,00|0,00|0,00|
|C190|060|5102|0,00|120,00|0,00|0,00|0,00|0,00|0,00|0,00||
|C100|1|0|CLI000008435|55|00|001|32108|51240107731241000150550010000321081486285753|22012024|22012024|50,00|1|0,00|0,00|50,00|9|0,00|0,00|0,00|50,00|8,50|0,00|0,00|0,00|0,00|0,00|0,00|0,00|
|C190|000|5101|17,00|50,00|50,00|8,50|0,00|0,00|0,00|0,00||
|C100|1|0|CLI000008435|55|00|001|32295|51240107731241000150550010000322951395170377|31012024|31012024|540,00|1|0,00|0,00|540,00|9|0,00|0,00|0,00|540,00|91,80|0,00|0,00|0,00|0,00|0,00|0,00|0,00|
|C190|000|5101|17,00|540,00|540,00|91,80|0,00|0,00|0,00|0,00||
|C100|1|0|CLI000008435|55|00|001|32296|51240107731241000150550010000322961690497184|31012024|31012024|28,00|1|0,00|0,00|28,00|0|0,00|0,00|0,00|28,00|4,76|0,00|0,00|0,00|0,00|0,00|0,00|0,00|
|C190|000|5101|17,00|28,00|28,00|4,76|0,00|0,00|0,00|0,00||
|C100|1|0|CLI000008562|55|00|001|31964|51240107731241000150550010000319641968145926|12012024|12012024|66,80|1|0,00|0,00|66,80|1|0,00|0,00|0,00|0,00|0,00|0,00|0,00|0,00|0,00|0,00|0,00|0,00|
|C190|060|5405|0,00|31,80|0,00|0,00|0,00|0,00|0,00|0,00||
|C190|102|5101|0,00|35,00|0,00|0,00|0,00|0,00|0,00|0,00||
|C100|1|0|CLI000008669|55|00|001|32207|51240107731241000150550010000322071201700119|25012024|25012024|53,90|1|0,00|0,00|53,90|0|0,00|0,00|0,00|53,90|9,16|0,00|0,00|0,00|0,00|0,00|0,00|0,00|
|C190|000|5101|17,00|44,00|44,00|7,48|0,00|0,00|0,00|0,00||
|C190|000|5102|17,00|9,90|9,90|1,68|0,00|0,00|0,00|0,00||
|C100|1|0|CLI000008699|55|00|001|31934|51240107731241000150550010000319341918428038|11012024|11012024|196,00|1|0,00|0,00|196,00|9|0,00|0,00|0,00|0,00|0,00|0,00|0,00|0,00|0,00|0,00|0,00|0,00|
|C190|060|5102|0,00|49,00|0,00|0,00|0,00|0,00|0,00|0,00||
|C190|060|5405|0,00|147,00|0,00|0,00|0,00|0,00|0,00|0,00||
|C100|1|0|CLI000008719|55|00|001|31828|51240107731241000150550010000318281315212880|05012024|05012024|243,80|1|0,00|0,00|243,80|0|0,00|0,00|0,00|0,00|0,00|0,00|0,00|0,00|0,00|0,00|0,00|0,00|
|C190|060|5102|0,00|122,00|0,00|0,00|0,00|0,00|0,00|0,00||
|C190|060|5405|0,00|99,80|0,00|0,00|0,00|0,00|0,00|0,00||
|C190|102|5101|0,00|22,00|0,00|0,00|0,00|0,00|0,00|0,00||
|C100|1|0|CLI000008735|55|00|001|31747|51240107731241000150550010000317471720050180|02012024|02012024|168,50|1|0,00|0,00|168,50|9|0,00|0,00|0,00|0,00|0,00|0,00|0,00|0,00|0,00|0,00|0,00|0,00|
|C190|060|5102|0,00|59,60|0,00|0,00|0,00|0,00|0,00|0,00||
|C190|060|5405|0,00|14,90|0,00|0,00|0,00|0,00|0,00|0,00||
|C190|102|5101|0,00|94,00|0,00|0,00|0,00|0,00|0,00|0,00||
|C100|1|0|CLI000008735|55|00|001|32129|51240107731241000150550010000321291103744318|22012024|22012024|91,00|1|0,00|0,00|85,00|1|0,00|0,00|6,00|37,47|6,37|0,00|0,00|0,00|0,00|0,00|0,00|0,00|
|C190|000|5102|17,00|37,47|37,47|6,37|0,00|0,00|0,00|0,00||
|C190|090|5102|0,00|53,53|0,00|0,00|0,00|0,00|0,00|0,00||
|C100|1|0|CLI000008789|55|00|001|32009|51240107731241000150550010000320091264413153|16012024|16012024|569,40|1|0,00|0,00|569,40|0|0,00|0,00|0,00|0,00|0,00|0,00|0,00|0,00|0,00|0,00|0,00|0,00|
|C190|060|5405|0,00|569,40|0,00|0,00|0,00|0,00|0,00|0,00||
|C100|1|0|CLI000008812|55|00|001|32084|51240107731241000150550010000320841927426597|18012024|18012024|115,00|1|0,00|0,00|115,00|9|0,00|0,00|0,00|0,00|0,00|0,00|0,00|0,00|0,00|0,00|0,00|0,00|
|C190|060|5405|0,00|65,00|0,00|0,00|0,00|0,00|0,00|0,00||
|C190|102|5101|0,00|50,00|0,00|0,00|0,00|0,00|0,00|0,00||
|C100|1|0|CLI000009013|55|00|001|32068|51240107731241000150550010000320681403502770|18012024|18012024|206,80|1|0,00|0,00|206,80|1|0,00|0,00|0,00|0,00|0,00|0,00|0,00|0,00|0,00|0,00|0,00|0,00|
|C190|060|5102|0,00|89,00|0,00|0,00|0,00|0,00|0,00|0,00||
|C190|060|5405|0,00|79,80|0,00|0,00|0,00|0,00|0,00|0,00||
|C190|102|5101|0,00|38,00|0,00|0,00|0,00|0,00|0,00|0,00||
|C100|1|0|CLI000009155|55|00|001|32152|51240107731241000150550010000321521958119450|23012024|23012024|267,50|1|0,00|0,00|267,50|1|0,00|0,00|0,00|192,50|32,73|0,00|0,00|0,00|0,00|0,00|0,00|0,00|
|C190|000|5101|17,00|123,50|123,50|21,00|0,00|0,00|0,00|0,00||
|C190|000|5102|17,00|69,00|69,00|11,73|0,00|0,00|0,00|0,00||
|C190|060|5405|0,00|75,00|0,00|0,00|0,00|0,00|0,00|0,00||
|C100|1|0|CLI000009176|55|00|001|32185|51240107731241000150550010000321851278939451|25012024|25012024|1080,00|1|0,00|0,00|1080,00|1|0,00|0,00|0,00|1080,00|183,60|0,00|0,00|0,00|0,00|0,00|0,00|0,00|
|C190|000|5101|17,00|1080,00|1080,00|183,60|0,00|0,00|0,00|0,00||
|C100|1|0|CLI000009241|55|00|001|31806|51240107731241000150550010000318061761175045|04012024|04012024|20,00|1|0,00|0,00|20,00|1|0,00|0,00|0,00|0,00|0,00|0,00|0,00|0,00|0,00|0,00|0,00|0,00|
|C190|102|5101|0,00|20,00|0,00|0,00|0,00|0,00|0,00|0,00||
|C100|1|0|CLI000009241|55|00|001|31808|51240107731241000150550010000318081920408477|04012024|04012024|437,10|1|0,00|0,00|437,10|1|0,00|0,00|0,00|0,00|0,00|0,00|0,00|0,00|0,00|0,00|0,00|0,00|
|C190|060|5102|0,00|25,00|0,00|0,00|0,00|0,00|0,00|0,00||
|C190|060|5405|0,00|248,10|0,00|0,00|0,00|0,00|0,00|0,00||
|C190|102|5101|0,00|164,00|0,00|0,00|0,00|0,00|0,00|0,00||
|C100|1|0|CLI000009241|55|00|001|31932|51240107731241000150550010000319321107242486|11012024|11012024|59,70|1|0,00|0,00|59,70|0|0,00|0,00|0,00|0,00|0,00|0,00|0,00|0,00|0,00|0,00|0,00|0,00|
|C190|060|5102|0,00|59,70|0,00|0,00|0,00|0,00|0,00|0,00||
|C100|1|0|CLI000009241|55|00|001|32014|51240107731241000150550010000320141728628918|16012024|16012024|22,00|1|0,00|0,00|22,00|0|0,00|0,00|0,00|0,00|0,00|0,00|0,00|0,00|0,00|0,00|0,00|0,00|
|C190|060|5102|0,00|15,50|0,00|0,00|0,00|0,00|0,00|0,00||
|C190|060|5405|0,00|6,50|0,00|0,00|0,00|0,00|0,00|0,00||
|C100|1|0|CLI000009323|55|00|001|32134|51240107731241000150550010000321341787458010|22012024|22012024|539,65|1|0,00|0,00|539,65|1|0,00|0,00|0,00|276,75|47,05|0,00|0,00|0,00|0,00|0,00|0,00|0,00|
|C190|000|5101|17,00|272,00|272,00|46,24|0,00|0,00|0,00|0,00||
|C190|000|5102|17,00|4,75|4,75|0,81|0,00|0,00|0,00|0,00||
|C190|060|5102|0,00|5,90|0,00|0,00|0,00|0,00|0,00|0,00||
|C190|060|5405|0,00|257,00|0,00|0,00|0,00|0,00|0,00|0,00||
|C100|1|0|CLI000009354|55|00|001|31749|51240107731241000150550010000317491215867463|02012024|02012024|388,00|1|0,00|0,00|388,00|1|0,00|0,00|0,00|0,00|0,00|0,00|0,00|0,00|0,00|0,00|0,00|0,00|
|C190|060|5102|0,00|16,00|0,00|0,00|0,00|0,00|0,00|0,00||
|C190|060|5405|0,00|196,00|0,00|0,00|0,00|0,00|0,00|0,00||
|C190|102|5101|0,00|176,00|0,00|0,00|0,00|0,00|0,00|0,00||
|C100|1|0|CLI000009354|55|00|001|32242|51240107731241000150550010000322421762468648|29012024|29012024|90,00|0|0,00|0,00|90,00|9|0,00|0,00|0,00|90,00|15,30|0,00|0,00|0,00|0,00|0,00|0,00|0,00|
|C190|000|5102|17,00|90,00|90,00|15,30|0,00|0,00|0,00|0,00||
|C100|1|0|CLI000009354|55|00|001|32248|51240107731241000150550010000322481902631000|29012024|29012024|587,00|1|0,00|0,00|587,00|9|0,00|0,00|0,00|195,00|33,15|0,00|0,00|0,00|0,00|0,00|0,00|0,00|
|C190|000|5101|17,00|186,00|186,00|31,62|0,00|0,00|0,00|0,00||
|C190|000|5102|17,00|9,00|9,00|1,53|0,00|0,00|0,00|0,00||
|C190|060|5405|0,00|392,00|0,00|0,00|0,00|0,00|0,00|0,00||
|C100|1|0|CLI000009568|55|00|001|31909|51240107731241000150550010000319091661655875|10012024|10012024|257,50|1|0,00|0,00|257,50|1|0,00|0,00|0,00|0,00|0,00|0,00|0,00|0,00|0,00|0,00|0,00|0,00|
|C190|060|5102|0,00|3,50|0,00|0,00|0,00|0,00|0,00|0,00||
|C190|102|5101|0,00|230,00|0,00|0,00|0,00|0,00|0,00|0,00||
|C190|102|5102|0,00|24,00|0,00|0,00|0,00|0,00|0,00|0,00||
|C100|1|0|CLI000009593|55|00|001|31935|51240107731241000150550010000319351749140943|11012024|11012024|694,00|1|0,00|0,00|694,00|1|0,00|0,00|0,00|0,00|0,00|0,00|0,00|0,00|0,00|0,00|0,00|0,00|
|C190|060|5102|0,00|10,00|0,00|0,00|0,00|0,00|0,00|0,00||
|C190|060|5405|0,00|480,00|0,00|0,00|0,00|0,00|0,00|0,00||
|C190|102|5101|0,00|204,00|0,00|0,00|0,00|0,00|0,00|0,00||
|C100|1|0|CLI000009595|55|00|001|32057|51240107731241000150550010000320571130364511|17012024|17012024|452,60|1|0,00|0,00|452,60|0|0,00|0,00|0,00|0,00|0,00|0,00|0,00|0,00|0,00|0,00|0,00|0,00|
|C190|000|5101|0,00|50,00|0,00|0,00|0,00|0,00|0,00|0,00||
|C190|060|5101|0,00|80,00|0,00|0,00|0,00|0,00|0,00|0,00||
|C190|060|5102|0,00|60,00|0,00|0,00|0,00|0,00|0,00|0,00||
|C190|060|5405|0,00|81,60|0,00|0,00|0,00|0,00|0,00|0,00||
|C190|102|5101|0,00|181,00|0,00|0,00|0,00|0,00|0,00|0,00||
|C195|24||
|C195|25||
|C100|1|0|CLI000009667|55|00|001|32215|51240107731241000150550010000322151905657514|26012024|26012024|400,00|1|0,00|0,00|400,00|0|0,00|0,00|0,00|400,00|68,00|0,00|0,00|0,00|0,00|0,00|0,00|0,00|
|C190|000|5101|17,00|400,00|400,00|68,00|0,00|0,00|0,00|0,00||
|C100|1|0|CLI000009735|55|00|001|32298|51240107731241000150550010000322981534828173|31012024|31012024|49,00|1|0,00|0,00|43,00|0|0,00|0,00|6,00|49,00|8,33|0,00|0,00|0,00|0,00|0,00|0,00|0,00|
|C190|000|5101|17,00|49,00|49,00|8,33|0,00|0,00|0,00|0,00||
|C100|1|0|CLI000009810|55|00|001|31966|51240107731241000150550010000319661476658126|12012024|12012024|390,00|1|0,00|0,00|390,00|0|0,00|0,00|0,00|0,00|0,00|0,00|0,00|0,00|0,00|0,00|0,00|0,00|
|C190|060|5102|0,00|140,00|0,00|0,00|0,00|0,00|0,00|0,00||
|C190|060|5405|0,00|215,00|0,00|0,00|0,00|0,00|0,00|0,00||
|C190|102|5101|0,00|35,00|0,00|0,00|0,00|0,00|0,00|0,00||
|C100|1|0|CLI000009810|55|00|001|31986|51240107731241000150550010000319861683156188|15012024|15012024|1098,00|1|0,00|0,00|1098,00|1|0,00|0,00|0,00|0,00|0,00|0,00|0,00|0,00|0,00|0,00|0,00|0,00|
|C190|060|5102|0,00|166,30|0,00|0,00|0,00|0,00|0,00|0,00||
|C190|060|5405|0,00|182,70|0,00|0,00|0,00|0,00|0,00|0,00||
|C190|102|5101|0,00|749,00|0,00|0,00|0,00|0,00|0,00|0,00||
|C100|1|0|CLI000009810|55|00|001|32203|51240107731241000150550010000322031131426758|25012024|25012024|419,60|1|0,00|0,00|419,60|1|0,00|0,00|0,00|419,60|71,33|0,00|0,00|0,00|0,00|0,00|0,00|0,00|
|C190|000|5101|17,00|262,00|262,00|44,54|0,00|0,00|0,00|0,00||
|C190|000|5102|17,00|157,60|157,60|26,79|0,00|0,00|0,00|0,00||
|C100|1|0|CLI000009810|55|00|001|32220|51240107731241000150550010000322201525314798|26012024|26012024|405,75|1|0,00|0,00|405,75|1|0,00|0,00|0,00|309,50|52,62|0,00|0,00|0,00|0,00|0,00|0,00|0,00|
|C190|000|5101|17,00|100,50|100,50|17,09|0,00|0,00|0,00|0,00||
|C190|000|5102|17,00|209,00|209,00|35,53|0,00|0,00|0,00|0,00||
|C190|060|5405|0,00|96,25|0,00|0,00|0,00|0,00|0,00|0,00||
|C100|1|0|CLI000009810|55|00|001|32257|51240107731241000150550010000322571929006157|29012024|29012024|230,00|1|0,00|0,00|230,00|1|0,00|0,00|0,00|230,00|39,10|0,00|0,00|0,00|0,00|0,00|0,00|0,00|
|C190|000|5101|17,00|230,00|230,00|39,10|0,00|0,00|0,00|0,00||
|C100|1|0|CLI000009810|55|00|001|32269|51240107731241000150550010000322691582239024|30012024|30012024|204,00|1|0,00|0,00|204,00|1|0,00|0,00|0,00|0,00|0,00|0,00|0,00|0,00|0,00|0,00|0,00|0,00|
|C190|060|5405|0,00|204,00|0,00|0,00|0,00|0,00|0,00|0,00||
|C100|1|0|CLI000009846|55|00|001|31785|51240107731241000150550010000317851553158018|03012024|03012024|59,00|1|0,00|0,00|59,00|0|0,00|0,00|0,00|0,00|0,00|0,00|0,00|0,00|0,00|0,00|0,00|0,00|
|C190|060|5405|0,00|9,00|0,00|0,00|0,00|0,00|0,00|0,00||
|C190|102|5101|0,00|50,00|0,00|0,00|0,00|0,00|0,00|0,00||
|C100|1|0|CLI000009846|55|00|001|32196|51240107731241000150550010000321961781593121|25012024|25012024|50,00|1|0,00|0,00|50,00|0|0,00|0,00|0,00|50,00|8,50|0,00|0,00|0,00|0,00|0,00|0,00|0,00|
|C190|000|5101|17,00|50,00|50,00|8,50|0,00|0,00|0,00|0,00||
|C100|1|0|CLI000009880|55|00|001|32106|51240107731241000150550010000321061753807905|22012024|22012024|520,00|1|0,00|0,00|520,00|0|0,00|0,00|0,00|0,00|0,00|0,00|0,00|0,00|0,00|0,00|0,00|0,00|
|C190|060|5405|0,00|480,00|0,00|0,00|0,00|0,00|0,00|0,00||
|C190|090|5101|0,00|40,00|0,00|0,00|0,00|0,00|0,00|0,00||
|C100|1|0|CLI000009887|55|00|001|31775|51240107731241000150550010000317751659855786|03012024|03012024|428,50|1|0,00|0,00|428,50|9|0,00|0,00|0,00|0,00|0,00|0,00|0,00|0,00|0,00|0,00|0,00|0,00|
|C190|060|5102|0,00|287,00|0,00|0,00|0,00|0,00|0,00|0,00||
|C190|060|5405|0,00|36,00|0,00|0,00|0,00|0,00|0,00|0,00||
|C190|102|5101|0,00|105,50|0,00|0,00|0,00|0,00|0,00|0,00||
|C100|1|0|CLI000009887|55|00|001|32005|51240107731241000150550010000320051232590093|16012024|16012024|208,00|0|0,00|0,00|208,00|9|0,00|0,00|0,00|0,00|0,00|0,00|0,00|0,00|0,00|0,00|0,00|0,00|
|C190|060|5102|0,00|140,00|0,00|0,00|0,00|0,00|0,00|0,00||
|C190|060|5405|0,00|68,00|0,00|0,00|0,00|0,00|0,00|0,00||
|C100|1|0|CLI000009961|55|00|001|31910|51240107731241000150550010000319101372858182|10012024|10012024|160,00|1|0,00|0,00|160,00|0|0,00|0,00|0,00|0,00|0,00|0,00|0,00|0,00|0,00|0,00|0,00|0,00|
|C190|102|5101|0,00|160,00|0,00|0,00|0,00|0,00|0,00|0,00||
|C100|1|0|CLI000009961|55|00|001|32079|51240107731241000150550010000320791264533471|18012024|18012024|49,90|1|0,00|0,00|49,90|0|0,00|0,00|0,00|0,00|0,00|0,00|0,00|0,00|0,00|0,00|0,00|0,00|
|C190|060|5102|0,00|14,90|0,00|0,00|0,00|0,00|0,00|0,00||
|C190|060|5405|0,00|35,00|0,00|0,00|0,00|0,00|0,00|0,00||
|C100|1|0|CLI000010002|55|00|001|31847|51240107731241000150550010000318471427504250|08012024|08012024|547,40|1|0,00|0,00|547,40|1|0,00|0,00|0,00|0,00|0,00|0,00|0,00|0,00|0,00|0,00|0,00|0,00|
|C190|060|5102|0,00|89,40|0,00|0,00|0,00|0,00|0,00|0,00||
|C190|060|5405|0,00|358,00|0,00|0,00|0,00|0,00|0,00|0,00||
|C190|102|5101|0,00|100,00|0,00|0,00|0,00|0,00|0,00|0,00||
|C100|1|0|CLI000010002|55|00|001|32183|51240107731241000150550010000321831496345770|25012024|25012024|461,00|1|0,00|0,00|461,00|1|0,00|0,00|0,00|417,00|70,89|0,00|0,00|0,00|0,00|0,00|0,00|0,00|
|C190|000|5101|17,00|383,00|383,00|65,11|0,00|0,00|0,00|0,00||
|C190|000|5102|17,00|34,00|34,00|5,78|0,00|0,00|0,00|0,00||
|C190|060|5405|0,00|44,00|0,00|0,00|0,00|0,00|0,00|0,00||
|C100|1|0|CLI000010017|55|00|001|32153|51240107731241000150550010000321531151778435|23012024|23012024|220,00|1|0,00|0,00|220,00|1|0,00|0,00|0,00|220,00|37,40|0,00|0,00|0,00|0,00|0,00|0,00|0,00|
|C190|000|5102|17,00|220,00|220,00|37,40|0,00|0,00|0,00|0,00||
|C100|1|0|CLI000010444|55|00|001|31875|51240107731241000150550010000318751228618250|09012024|09012024|150,00|1|0,00|0,00|150,00|0|0,00|0,00|0,00|0,00|0,00|0,00|0,00|0,00|0,00|0,00|0,00|0,00|
|C190|060|5102|0,00|64,00|0,00|0,00|0,00|0,00|0,00|0,00||
|C190|060|5405|0,00|54,00|0,00|0,00|0,00|0,00|0,00|0,00||
|C190|102|5101|0,00|32,00|0,00|0,00|0,00|0,00|0,00|0,00||
|C100|1|0|CLI000010538|55|00|001|32229|51240107731241000150550010000322291142905101|26012024|26012024|300,00|1|0,00|0,00|300,00|1|0,00|0,00|0,00|243,00|41,31|0,00|0,00|0,00|0,00|0,00|0,00|0,00|
|C190|000|5101|17,00|235,00|235,00|39,95|0,00|0,00|0,00|0,00||
|C190|000|5102|17,00|8,00|8,00|1,36|0,00|0,00|0,00|0,00||
|C190|060|5405|0,00|57,00|0,00|0,00|0,00|0,00|0,00|0,00||
|C100|1|0|CLI000010538|55|00|001|32235|51240107731241000150550010000322351149859439|29012024|29012024|423,40|1|0,00|0,00|423,40|0|0,00|0,00|0,00|184,00|31,28|0,00|0,00|0,00|0,00|0,00|0,00|0,00|
|C190|000|5101|17,00|160,00|160,00|27,20|0,00|0,00|0,00|0,00||
|C190|000|5102|17,00|24,00|24,00|4,08|0,00|0,00|0,00|0,00||
|C190|060|5405|0,00|239,40|0,00|0,00|0,00|0,00|0,00|0,00||
|C100|1|0|CLI000010564|55|00|001|32003|51240107731241000150550010000320031373285144|16012024|16012024|300,00|1|0,00|0,00|300,00|9|0,00|0,00|0,00|0,00|0,00|0,00|0,00|0,00|0,00|0,00|0,00|0,00|
|C190|060|5102|0,00|300,00|0,00|0,00|0,00|0,00|0,00|0,00||
|C100|1|0|CLI000010703|55|00|001|31742|51240107731241000150550010000317421730223731|02012024|02012024|585,00|0|0,00|0,00|585,00|1|0,00|0,00|0,00|0,00|0,00|0,00|0,00|0,00|0,00|0,00|0,00|0,00|
|C190|060|5405|0,00|585,00|0,00|0,00|0,00|0,00|0,00|0,00||
|C100|1|0|CLI000010703|55|00|001|31811|51240107731241000150550010000318111148999209|04012024|04012024|149,00|1|0,00|0,00|149,00|0|0,00|0,00|0,00|0,00|0,00|0,00|0,00|0,00|0,00|0,00|0,00|0,00|
|C190|041|5101|0,00|6,50|0,00|0,00|0,00|0,00|0,00|0,00||
|C190|060|5102|0,00|65,50|0,00|0,00|0,00|0,00|0,00|0,00||
|C190|060|5405|0,00|27,00|0,00|0,00|0,00|0,00|0,00|0,00||
|C190|102|5101|0,00|50,00|0,00|0,00|0,00|0,00|0,00|0,00||
|C100|1|0|CLI000010913|55|00|001|32118|51240107731241000150550010000321181173669761|22012024|22012024|245,00|1|0,00|0,00|245,00|1|0,00|0,00|0,00|101,30|17,20|0,00|0,00|0,00|0,00|0,00|0,00|0,00|
|C190|000|5101|17,00|35,00|35,00|5,95|0,00|0,00|0,00|0,00||
|C190|000|5102|17,00|66,30|66,30|11,25|0,00|0,00|0,00|0,00||
|C190|060|5101|0,00|7,00|0,00|0,00|0,00|0,00|0,00|0,00||
|C190|060|5102|0,00|32,00|0,00|0,00|0,00|0,00|0,00|0,00||
|C190|060|5405|0,00|91,80|0,00|0,00|0,00|0,00|0,00|0,00||
|C190|090|5102|0,00|12,90|0,00|0,00|0,00|0,00|0,00|0,00||
|C100|1|0|FOR000002371|55|00|001|31868|51240107731241000150550010000318681123118490|08012024|08012024|7339,38|2|0,00|0,00|7339,38|0|0,00|0,00|0,00|0,00|0,00|0,00|0,00|0,00|0,00|0,00|0,00|0,00|
|C190|041|5152|0,00|7339,38|0,00|0,00|0,00|0,00|0,00|0,00||
|C100|1|0|FOR000002371|55|00|001|31869|51240107731241000150550010000318691470248054|08012024|08012024|8783,72|2|0,00|0,00|8783,72|0|0,00|0,00|0,00|0,00|0,00|0,00|0,00|0,00|0,00|0,00|0,00|0,00|
|C190|041|5152|0,00|8783,72|0,00|0,00|0,00|0,00|0,00|0,00||
|C100|1|0|FOR000002371|55|00|001|32120|51240107731241000150550010000321201955164010|22012024|22012024|13818,94|2|0,00|0,00|13818,94|0|0,00|0,00|0,00|0,00|0,00|0,00|0,00|0,00|0,00|0,00|0,00|0,00|
|C190|041|5152|0,00|13818,94|0,00|0,00|0,00|0,00|0,00|0,00||
|C100|1|0|FOR000002371|55|00|001|32121|51240107731241000150550010000321211474954754|22012024|22012024|10587,37|2|0,00|0,00|10587,37|0|0,00|0,00|0,00|0,00|0,00|0,00|0,00|0,00|0,00|0,00|0,00|0,00|
|C190|041|5152|0,00|10587,37|0,00|0,00|0,00|0,00|0,00|0,00||
|C100|1|0|CLI000011157|55|00|001|31958|51240107731241000150550010000319581146024806|12012024|12012024|2100,00|0|0,00|0,00|2100,00|1|0,00|0,00|0,00|0,00|0,00|0,00|0,00|0,00|0,00|0,00|0,00|0,00|
|C190|060|5405|0,00|2100,00|0,00|0,00|0,00|0,00|0,00|0,00||
|C100|1|0|CLI000011321|55|00|001|31874|51240107731241000150550010000318741370269521|09012024|09012024|148,00|1|0,00|0,00|148,00|0|0,00|0,00|0,00|0,00|0,00|0,00|0,00|0,00|0,00|0,00|0,00|0,00|
|C190|041|5101|0,00|6,50|0,00|0,00|0,00|0,00|0,00|0,00||
|C190|060|5102|0,00|49,50|0,00|0,00|0,00|0,00|0,00|0,00||
|C190|060|5405|0,00|57,50|0,00|0,00|0,00|0,00|0,00|0,00||
|C190|102|5101|0,00|34,50|0,00|0,00|0,00|0,00|0,00|0,00||
|C100|1|0|CLI000011393|55|00|001|32167|51240107731241000150550010000321671755475824|24012024|24012024|524,00|1|5,00|0,00|529,00|9|0,00|0,00|0,00|524,00|89,08|0,00|0,00|0,00|0,00|0,00|0,00|0,00|
|C190|000|5101|17,00|119,86|119,86|20,38|0,00|0,00|0,00|0,00||
|C190|000|5102|17,00|404,14|404,14|68,70|0,00|0,00|0,00|0,00||
|C100|1|0|CLI000011525|55|00|001|31798|51240107731241000150550010000317981349534501|04012024|04012024|121,00|1|0,00|0,00|121,00|1|0,00|0,00|0,00|0,00|0,00|0,00|0,00|0,00|0,00|0,00|0,00|0,00|
|C190|102|5101|0,00|121,00|0,00|0,00|0,00|0,00|0,00|0,00||
|C100|1|0|CLI000011527|55|00|001|31984|51240107731241000150550010000319841442213090|15012024|15012024|391,50|1|0,00|0,00|391,50|1|0,00|0,00|0,00|0,00|0,00|0,00|0,00|0,00|0,00|0,00|0,00|0,00|
|C190|060|5102|0,00|61,20|0,00|0,00|0,00|0,00|0,00|0,00||
|C190|060|5405|0,00|307,80|0,00|0,00|0,00|0,00|0,00|0,00||
|C190|102|5101|0,00|22,50|0,00|0,00|0,00|0,00|0,00|0,00||
|C195|26||
|C195|27||
|C100|1|0|CLI000011527|55|00|001|31985|51240107731241000150550010000319851160040764|15012024|15012024|402,30|1|0,00|0,00|402,30|1|0,00|0,00|0,00|0,00|0,00|0,00|0,00|0,00|0,00|0,00|0,00|0,00|
|C190|060|5102|0,00|16,50|0,00|0,00|0,00|0,00|0,00|0,00||
|C190|060|5405|0,00|363,30|0,00|0,00|0,00|0,00|0,00|0,00||
|C190|102|5101|0,00|22,50|0,00|0,00|0,00|0,00|0,00|0,00||
|C100|1|0|CLI000011707|55|00|001|32081|51240107731241000150550010000320811904370127|18012024|18012024|151,80|1|0,10|0,00|151,90|1|0,00|0,00|0,00|0,00|0,00|0,00|0,00|0,00|0,00|0,00|0,00|0,00|
|C190|060|5405|0,00|49,87|0,00|0,00|0,00|0,00|0,00|0,00||
|C190|102|5101|0,00|101,93|0,00|0,00|0,00|0,00|0,00|0,00||
|C100|1|0|CLI000011707|55|00|001|32082|51240107731241000150550010000320821792546005|18012024|18012024|243,50|1|0,00|0,00|243,50|9|0,00|0,00|0,00|0,00|0,00|0,00|0,00|0,00|0,00|0,00|0,00|0,00|
|C190|060|5102|0,00|140,00|0,00|0,00|0,00|0,00|0,00|0,00||
|C190|060|5405|0,00|103,50|0,00|0,00|0,00|0,00|0,00|0,00||
|C100|1|0|CLI000011932|55|00|001|31974|51240107731241000150550010000319741147039762|15012024|15012024|23,25|1|0,00|0,00|23,25|0|0,00|0,00|0,00|0,00|0,00|0,00|0,00|0,00|0,00|0,00|0,00|0,00|
|C190|102|5101|0,00|13,75|0,00|0,00|0,00|0,00|0,00|0,00||
|C190|102|5102|0,00|9,50|0,00|0,00|0,00|0,00|0,00|0,00||
|C100|1|0|CLI000011932|55|00|001|32090|51240107731241000150550010000320901430589246|19012024|19012024|250,50|1|0,00|0,00|250,50|0|0,00|0,00|0,00|0,00|0,00|0,00|0,00|0,00|0,00|0,00|0,00|0,00|
|C190|060|5102|0,00|8,00|0,00|0,00|0,00|0,00|0,00|0,00||
|C190|060|5405|0,00|72,50|0,00|0,00|0,00|0,00|0,00|0,00||
|C190|102|5101|0,00|124,00|0,00|0,00|0,00|0,00|0,00|0,00||
|C190|102|5102|0,00|46,00|0,00|0,00|0,00|0,00|0,00|0,00||
|C100|1|0|CLI000011952|55|00|001|31971|51240107731241000150550010000319711358391057|12012024|12012024|767,70|1|0,00|0,00|767,70|0|0,00|0,00|0,00|0,00|0,00|0,00|0,00|0,00|0,00|0,00|0,00|0,00|
|C190|041|5102|0,00|90,00|0,00|0,00|0,00|0,00|0,00|0,00||
|C190|060|5102|0,00|136,00|0,00|0,00|0,00|0,00|0,00|0,00||
|C190|060|5405|0,00|201,70|0,00|0,00|0,00|0,00|0,00|0,00||
|C190|102|5101|0,00|340,00|0,00|0,00|0,00|0,00|0,00|0,00||
|C100|1|0|CLI000011952|55|00|001|32021|51240107731241000150550010000320211843619556|16012024|16012024|135,00|1|0,00|0,00|135,00|1|0,00|0,00|0,00|0,00|0,00|0,00|0,00|0,00|0,00|0,00|0,00|0,00|
|C190|060|5102|0,00|45,00|0,00|0,00|0,00|0,00|0,00|0,00||
|C190|102|5101|0,00|90,00|0,00|0,00|0,00|0,00|0,00|0,00||
|C100|1|0|CLI000011952|55|00|001|32098|51240107731241000150550010000320981839622985|19012024|19012024|369,00|1|0,00|0,00|369,00|9|0,00|0,00|0,00|0,00|0,00|0,00|0,00|0,00|0,00|0,00|0,00|0,00|
|C190|060|5101|0,00|100,00|0,00|0,00|0,00|0,00|0,00|0,00||
|C190|060|5102|0,00|80,00|0,00|0,00|0,00|0,00|0,00|0,00||
|C190|090|5102|0,00|189,00|0,00|0,00|0,00|0,00|0,00|0,00||
|C100|1|0|CLI000011952|55|00|001|32168|51240107731241000150550010000321681938415860|24012024|24012024|685,00|1|0,00|0,00|685,00|9|0,00|0,00|0,00|685,00|116,45|0,00|0,00|0,00|0,00|0,00|0,00|0,00|
|C190|000|5101|17,00|669,00|669,00|113,73|0,00|0,00|0,00|0,00||
|C190|000|5102|17,00|16,00|16,00|2,72|0,00|0,00|0,00|0,00||
|C100|1|0|CLI000011952|55|00|001|32241|51240107731241000150550010000322411534544318|29012024|29012024|32,00|1|0,00|0,00|32,00|1|0,00|0,00|0,00|32,00|5,44|0,00|0,00|0,00|0,00|0,00|0,00|0,00|
|C190|000|5102|17,00|32,00|32,00|5,44|0,00|0,00|0,00|0,00||
|C100|1|0|CLI000011952|55|00|001|32268|51240107731241000150550010000322681732214199|30012024|30012024|330,00|1|0,00|0,00|330,00|0|0,00|0,00|0,00|330,00|56,10|0,00|0,00|0,00|0,00|0,00|0,00|0,00|
|C190|000|5101|17,00|330,00|330,00|56,10|0,00|0,00|0,00|0,00||
|C100|1|0|CLI000011958|55|00|001|31842|51240107731241000150550010000318421810813697|05012024|05012024|170,85|1|0,00|0,00|170,85|1|0,00|0,00|0,00|0,00|0,00|0,00|0,00|0,00|0,00|0,00|0,00|0,00|
|C190|060|5102|0,00|19,25|0,00|0,00|0,00|0,00|0,00|0,00||
|C190|060|5405|0,00|104,10|0,00|0,00|0,00|0,00|0,00|0,00||
|C190|102|5101|0,00|47,50|0,00|0,00|0,00|0,00|0,00|0,00||
|C100|1|0|CLI000012044|55|00|001|31863|51240107731241000150550010000318631680518666|08012024|08012024|308,65|1|0,00|0,00|308,65|0|0,00|0,00|0,00|0,00|0,00|0,00|0,00|0,00|0,00|0,00|0,00|0,00|
|C190|060|5102|0,00|87,00|0,00|0,00|0,00|0,00|0,00|0,00||
|C190|060|5405|0,00|221,65|0,00|0,00|0,00|0,00|0,00|0,00||
|C100|1|0|CLI000012044|55|00|001|31936|51240107731241000150550010000319361505600853|11012024|11012024|69,60|0|0,00|0,00|69,60|0|0,00|0,00|0,00|0,00|0,00|0,00|0,00|0,00|0,00|0,00|0,00|0,00|
|C190|060|5405|0,00|69,60|0,00|0,00|0,00|0,00|0,00|0,00||
|C100|1|0|CLI000012044|55|00|001|32039|51240107731241000150550010000320391893994177|17012024|17012024|655,50|1|0,00|0,00|655,50|0|0,00|0,00|0,00|0,00|0,00|0,00|0,00|0,00|0,00|0,00|0,00|0,00|
|C190|060|5102|0,00|27,50|0,00|0,00|0,00|0,00|0,00|0,00||
|C190|060|5405|0,00|294,00|0,00|0,00|0,00|0,00|0,00|0,00||
|C190|102|5101|0,00|334,00|0,00|0,00|0,00|0,00|0,00|0,00||
|C100|1|0|CLI000012061|55|00|001|32284|51240107731241000150550010000322841960316054|30012024|30012024|480,00|1|0,00|0,00|480,00|0|0,00|0,00|0,00|480,00|81,60|0,00|0,00|0,00|0,00|0,00|0,00|0,00|
|C190|000|5101|17,00|480,00|480,00|81,60|0,00|0,00|0,00|0,00||
|C100|1|0|CLI000012070|55|00|001|31768|51240107731241000150550010000317681676067150|03012024|03012024|360,00|1|0,00|0,00|360,00|1|0,00|0,00|0,00|0,00|0,00|0,00|0,00|0,00|0,00|0,00|0,00|0,00|
|C190|060|5405|0,00|360,00|0,00|0,00|0,00|0,00|0,00|0,00||
|C100|1|0|CLI000012070|55|00|001|31864|51240107731241000150550010000318641502765745|08012024|08012024|392,70|1|0,00|0,00|392,70|1|0,00|0,00|0,00|0,00|0,00|0,00|0,00|0,00|0,00|0,00|0,00|0,00|
|C190|060|5102|0,00|32,70|0,00|0,00|0,00|0,00|0,00|0,00||
|C190|060|5405|0,00|360,00|0,00|0,00|0,00|0,00|0,00|0,00||
|C100|1|0|CLI000012070|55|00|001|31922|51240107731241000150550010000319221280314993|11012024|11012024|157,00|1|0,00|0,00|157,00|1|0,00|0,00|0,00|0,00|0,00|0,00|0,00|0,00|0,00|0,00|0,00|0,00|
|C190|060|5405|0,00|105,00|0,00|0,00|0,00|0,00|0,00|0,00||
|C190|102|5101|0,00|52,00|0,00|0,00|0,00|0,00|0,00|0,00||
|C100|1|0|CLI000012070|55|00|001|32016|51240107731241000150550010000320161248013248|16012024|16012024|360,00|1|0,00|0,00|360,00|1|0,00|0,00|0,00|0,00|0,00|0,00|0,00|0,00|0,00|0,00|0,00|0,00|
|C190|060|5405|0,00|360,00|0,00|0,00|0,00|0,00|0,00|0,00||
|C100|1|0|CLI000012070|55|00|001|32192|51240107731241000150550010000321921621613770|25012024|25012024|360,00|1|0,00|0,00|360,00|1|0,00|0,00|0,00|360,00|61,20|0,00|0,00|0,00|0,00|0,00|0,00|0,00|
|C190|000|5101|17,00|360,00|360,00|61,20|0,00|0,00|0,00|0,00||
|C100|1|0|CLI000012070|55|00|001|32246|51240107731241000150550010000322461817179137|29012024|29012024|110,70|1|0,00|0,00|110,70|0|0,00|0,00|0,00|110,70|18,82|0,00|0,00|0,00|0,00|0,00|0,00|0,00|
|C190|000|5101|17,00|78,00|78,00|13,26|0,00|0,00|0,00|0,00||
|C190|000|5102|17,00|32,70|32,70|5,56|0,00|0,00|0,00|0,00||
|C100|1|0|CLI000012080|55|00|001|32238|51240107731241000150550010000322381829573070|29012024|29012024|47,00|1|0,00|0,00|47,00|1|0,00|0,00|0,00|47,00|7,99|0,00|0,00|0,00|0,00|0,00|0,00|0,00|
|C190|000|5101|17,00|45,00|45,00|7,65|0,00|0,00|0,00|0,00||
|C190|000|5102|17,00|2,00|2,00|0,34|0,00|0,00|0,00|0,00||
|C100|1|0|CLI000012157|55|00|001|32051|51240107731241000150550010000320511968456945|17012024|17012024|43,00|1|0,00|0,00|43,00|0|0,00|0,00|0,00|0,00|0,00|0,00|0,00|0,00|0,00|0,00|0,00|0,00|
|C190|102|5101|0,00|43,00|0,00|0,00|0,00|0,00|0,00|0,00||
|C100|1|0|CLI000012338|55|00|001|31895|51240107731241000150550010000318951758752703|10012024|10012024|110,00|0|0,00|0,00|110,00|0|0,00|0,00|0,00|0,00|0,00|0,00|0,00|0,00|0,00|0,00|0,00|0,00|
|C190|060|5102|0,00|76,00|0,00|0,00|0,00|0,00|0,00|0,00||
|C190|060|5405|0,00|34,00|0,00|0,00|0,00|0,00|0,00|0,00||
|C100|1|0|CLI000012338|55|00|001|32217|51240107731241000150550010000322171130663948|26012024|26012024|21,50|1|0,00|0,00|21,50|1|0,00|0,00|0,00|21,50|3,66|0,00|0,00|0,00|0,00|0,00|0,00|0,00|
|C190|000|5101|17,00|15,00|15,00|2,55|0,00|0,00|0,00|0,00||
|C190|000|5102|17,00|6,50|6,50|1,11|0,00|0,00|0,00|0,00||
|C100|1|0|CLI000012338|55|00|001|32259|51240107731241000150550010000322591272440159|29012024|29012024|63,00|1|0,00|0,00|63,00|1|0,00|0,00|0,00|30,00|5,11|0,00|0,00|0,00|0,00|0,00|0,00|0,00|
|C190|000|5101|17,00|13,50|13,50|2,30|0,00|0,00|0,00|0,00||
|C190|000|5102|17,00|16,50|16,50|2,81|0,00|0,00|0,00|0,00||
|C190|060|5405|0,00|33,00|0,00|0,00|0,00|0,00|0,00|0,00||
|C100|1|0|CLI000012447|55|00|001|31767|51240107731241000150550010000317671134493677|03012024|03012024|382,50|1|0,00|0,00|382,50|1|0,00|0,00|0,00|0,00|0,00|0,00|0,00|0,00|0,00|0,00|0,00|0,00|
|C190|060|5102|0,00|80,70|0,00|0,00|0,00|0,00|0,00|0,00||
|C190|060|5405|0,00|51,80|0,00|0,00|0,00|0,00|0,00|0,00||
|C190|102|5101|0,00|250,00|0,00|0,00|0,00|0,00|0,00|0,00||
|C100|1|0|CLI000012447|55|00|001|31913|51240107731241000150550010000319131147625178|10012024|10012024|263,20|1|0,00|0,00|263,20|1|0,00|0,00|0,00|0,00|0,00|0,00|0,00|0,00|0,00|0,00|0,00|0,00|
|C190|060|5102|0,00|41,90|0,00|0,00|0,00|0,00|0,00|0,00||
|C190|060|5405|0,00|109,30|0,00|0,00|0,00|0,00|0,00|0,00||
|C190|102|5101|0,00|112,00|0,00|0,00|0,00|0,00|0,00|0,00||
|C100|1|0|CLI000012447|55|00|001|31968|51240107731241000150550010000319681525026420|12012024|12012024|125,00|1|0,00|0,00|125,00|1|0,00|0,00|0,00|0,00|0,00|0,00|0,00|0,00|0,00|0,00|0,00|0,00|
|C190|060|5405|0,00|80,00|0,00|0,00|0,00|0,00|0,00|0,00||
|C190|102|5101|0,00|45,00|0,00|0,00|0,00|0,00|0,00|0,00||
|C100|1|0|CLI000012447|55|00|001|32037|51240107731241000150550010000320371603643436|17012024|17012024|104,90|1|0,00|0,00|104,90|0|0,00|0,00|0,00|0,00|0,00|0,00|0,00|0,00|0,00|0,00|0,00|0,00|
|C190|060|5102|0,00|32,00|0,00|0,00|0,00|0,00|0,00|0,00||
|C190|060|5405|0,00|54,00|0,00|0,00|0,00|0,00|0,00|0,00||
|C190|102|5101|0,00|18,90|0,00|0,00|0,00|0,00|0,00|0,00||
|C100|1|0|CLI000012447|55|00|001|32145|51240107731241000150550010000321451623737530|23012024|23012024|254,00|1|0,00|0,00|254,00|1|0,00|0,00|0,00|254,00|43,18|0,00|0,00|0,00|0,00|0,00|0,00|0,00|
|C190|000|5101|17,00|254,00|254,00|43,18|0,00|0,00|0,00|0,00||
|C100|1|0|CLI000012447|55|00|001|32270|51240107731241000150550010000322701310169078|30012024|30012024|468,50|1|0,00|0,00|468,50|0|0,00|0,00|0,00|465,00|79,05|0,00|0,00|0,00|0,00|0,00|0,00|0,00|
|C190|000|5101|17,00|100,00|100,00|17,00|0,00|0,00|0,00|0,00||
|C190|000|5102|17,00|365,00|365,00|62,05|0,00|0,00|0,00|0,00||
|C190|060|5405|0,00|3,50|0,00|0,00|0,00|0,00|0,00|0,00||
|C100|1|0|CLI000012546|55|00|001|32262|51240107731241000150550010000322621774427855|29012024|29012024|684,00|1|0,00|0,00|684,00|0|0,00|0,00|0,00|598,00|101,67|0,00|0,00|0,00|0,00|0,00|0,00|0,00|
|C190|000|5101|17,00|544,00|544,00|92,49|0,00|0,00|0,00|0,00||
|C190|000|5102|17,00|54,00|54,00|9,18|0,00|0,00|0,00|0,00||
|C190|060|5405|0,00|86,00|0,00|0,00|0,00|0,00|0,00|0,00||
|C100|1|0|CLI000012635|55|00|001|31999|51240107731241000150550010000319991887206599|16012024|16012024|135,00|1|0,00|0,00|135,00|0|0,00|0,00|0,00|0,00|0,00|0,00|0,00|0,00|0,00|0,00|0,00|0,00|
|C190|060|5101|0,00|35,00|0,00|0,00|0,00|0,00|0,00|0,00||
|C190|060|5102|0,00|100,00|0,00|0,00|0,00|0,00|0,00|0,00||
|C100|1|0|CLI000012674|55|00|001|32227|51240107731241000150550010000322271539574178|26012024|26012024|72,00|1|0,00|0,00|72,00|0|0,00|0,00|0,00|72,00|12,24|0,00|0,00|0,00|0,00|0,00|0,00|0,00|
|C190|000|5101|17,00|64,00|64,00|10,88|0,00|0,00|0,00|0,00||
|C190|000|5102|17,00|8,00|8,00|1,36|0,00|0,00|0,00|0,00||
|C100|1|0|CLI000012787|55|00|001|32318|51240107731241000150550010000323181528889233|31012024|31012024|409,50|1|0,00|0,00|409,50|0|0,00|0,00|0,00|174,00|29,58|0,00|0,00|0,00|0,00|0,00|0,00|0,00|
|C190|000|5101|17,00|140,00|140,00|23,80|0,00|0,00|0,00|0,00||
|C190|000|5102|17,00|34,00|34,00|5,78|0,00|0,00|0,00|0,00||
|C190|060|5405|0,00|235,50|0,00|0,00|0,00|0,00|0,00|0,00||
|C100|1|0|CLI000012804|55|00|001|31820|51240107731241000150550010000318201271731811|04012024|04012024|325,00|1|0,00|0,00|325,00|0|0,00|0,00|0,00|0,00|0,00|0,00|0,00|0,00|0,00|0,00|0,00|0,00|
|C190|060|5405|0,00|185,00|0,00|0,00|0,00|0,00|0,00|0,00||
|C190|102|5101|0,00|140,00|0,00|0,00|0,00|0,00|0,00|0,00||
|C100|1|0|CLI000012804|55|00|001|32140|51240107731241000150550010000321401917262932|23012024|23012024|150,00|1|0,00|0,00|150,00|0|0,00|0,00|0,00|150,00|25,50|0,00|0,00|0,00|0,00|0,00|0,00|0,00|
|C190|000|5101|17,00|150,00|150,00|25,50|0,00|0,00|0,00|0,00||
|C100|1|0|CLI000012804|55|00|001|32293|51240107731241000150550010000322931549169654|30012024|30012024|1040,00|1|0,00|0,00|1040,00|0|0,00|0,00|0,00|1040,00|176,80|0,00|0,00|0,00|0,00|0,00|0,00|0,00|
|C190|000|5101|17,00|860,00|860,00|146,20|0,00|0,00|0,00|0,00||
|C190|000|5102|17,00|180,00|180,00|30,60|0,00|0,00|0,00|0,00||
|C100|1|0|CLI000012804|55|00|001|32303|51240107731241000150550010000323031862684684|31012024|31012024|144,00|1|0,00|0,00|144,00|0|0,00|0,00|0,00|144,00|24,48|0,00|0,00|0,00|0,00|0,00|0,00|0,00|
|C190|000|5102|17,00|144,00|144,00|24,48|0,00|0,00|0,00|0,00||
|C100|1|0|CLI000012952|55|00|001|32026|51240107731241000150550010000320261692763323|16012024|16012024|110,00|0|0,00|0,00|110,00|1|0,00|0,00|0,00|0,00|0,00|0,00|0,00|0,00|0,00|0,00|0,00|0,00|
|C190|060|5405|0,00|110,00|0,00|0,00|0,00|0,00|0,00|0,00||
|C100|1|0|CLI000012952|55|00|001|32162|51240107731241000150550010000321621468489797|24012024|24012024|79,90|0|0,00|0,00|79,90|9|0,00|0,00|0,00|79,90|13,58|0,00|0,00|0,00|0,00|0,00|0,00|0,00|
|C190|000|5102|17,00|79,90|79,90|13,58|0,00|0,00|0,00|0,00||
|C100|1|0|CLI000012952|55|00|001|32198|51240107731241000150550010000321981834271411|25012024|25012024|264,90|0|0,00|0,00|264,90|9|0,00|0,00|0,00|264,90|45,03|0,00|0,00|0,00|0,00|0,00|0,00|0,00|
|C190|000|5102|17,00|264,90|264,90|45,03|0,00|0,00|0,00|0,00||
|C100|1|0|CLI000013043|55|00|001|31764|51240107731241000150550010000317641225184349|02012024|02012024|40,00|1|0,00|0,00|40,00|0|0,00|0,00|0,00|0,00|0,00|0,00|0,00|0,00|0,00|0,00|0,00|0,00|
|C190|102|5101|0,00|40,00|0,00|0,00|0,00|0,00|0,00|0,00||
|C100|1|0|CLI000013236|55|00|001|32157|51240107731241000150550010000321571326259473|24012024|24012024|37,25|1|0,00|0,00|37,25|1|0,00|0,00|0,00|25,00|4,25|0,00|0,00|0,00|0,00|0,00|0,00|0,00|
|C190|000|5102|17,00|25,00|25,00|4,25|0,00|0,00|0,00|0,00||
|C190|060|5405|0,00|12,25|0,00|0,00|0,00|0,00|0,00|0,00||
|C100|1|0|CLI000013296|55|00|001|32211|51240107731241000150550010000322111615325935|25012024|25012024|348,30|1|0,00|0,00|348,30|9|0,00|0,00|0,00|78,00|13,26|0,00|0,00|0,00|0,00|0,00|0,00|0,00|
|C190|000|5101|17,00|78,00|78,00|13,26|0,00|0,00|0,00|0,00||
|C190|060|5102|0,00|84,00|0,00|0,00|0,00|0,00|0,00|0,00||
|C190|060|5405|0,00|186,30|0,00|0,00|0,00|0,00|0,00|0,00||
|C100|1|0|CLI000013462|55|00|001|32141|51240107731241000150550010000321411778356310|23012024|23012024|40,00|0|0,00|0,00|40,00|1|0,00|0,00|0,00|0,00|0,00|0,00|0,00|0,00|0,00|0,00|0,00|0,00|
|C190|060|5405|0,00|40,00|0,00|0,00|0,00|0,00|0,00|0,00||
|C100|1|0|CLI000013564|55|00|001|31931|51240107731241000150550010000319311903614890|11012024|11012024|127,70|1|8,00|0,00|135,70|0|0,00|0,00|0,00|0,00|0,00|0,00|0,00|0,00|0,00|0,00|0,00|0,00|
|C190|060|5405|0,00|27,95|0,00|0,00|0,00|0,00|0,00|0,00||
|C190|102|5101|0,00|99,75|0,00|0,00|0,00|0,00|0,00|0,00||
|C100|1|0|CLI000013564|55|00|001|32087|51240107731241000150550010000320871166176250|19012024|19012024|50,00|1|0,00|0,00|50,00|0|0,00|0,00|0,00|0,00|0,00|0,00|0,00|0,00|0,00|0,00|0,00|0,00|
|C190|102|5101|0,00|50,00|0,00|0,00|0,00|0,00|0,00|0,00||
|C100|1|0|CLI000013681|55|00|001|31851|51240107731241000150550010000318511373058837|08012024|08012024|85,50|1|0,00|0,00|85,50|0|0,00|0,00|0,00|0,00|0,00|0,00|0,00|0,00|0,00|0,00|0,00|0,00|
|C190|102|5101|0,00|70,00|0,00|0,00|0,00|0,00|0,00|0,00||
|C190|102|5102|0,00|15,50|0,00|0,00|0,00|0,00|0,00|0,00||
|C100|1|0|CLI000013681|55|00|001|32107|51240107731241000150550010000321071488743514|22012024|22012024|6,00|1|0,00|0,00|6,00|9|0,00|0,00|0,00|6,00|1,02|0,00|0,00|0,00|0,00|0,00|0,00|0,00|
|C190|000|5101|17,00|6,00|6,00|1,02|0,00|0,00|0,00|0,00||
|C100|1|0|CLI000013724|55|00|001|31920|51240107731241000150550010000319201985318707|11012024|11012024|160,00|1|0,00|0,00|160,00|9|0,00|0,00|0,00|0,00|0,00|0,00|0,00|0,00|0,00|0,00|0,00|0,00|
|C190|060|5405|0,00|160,00|0,00|0,00|0,00|0,00|0,00|0,00||
|C100|1|0|CLI000013724|55|00|001|32309|51240107731241000150550010000323091293029869|31012024|31012024|897,00|1|0,00|0,00|897,00|0|0,00|0,00|0,00|266,00|45,23|0,00|0,00|0,00|0,00|0,00|0,00|0,00|
|C190|000|5101|17,00|134,00|134,00|22,78|0,00|0,00|0,00|0,00||
|C190|000|5102|17,00|132,00|132,00|22,45|0,00|0,00|0,00|0,00||
|C190|060|5405|0,00|631,00|0,00|0,00|0,00|0,00|0,00|0,00||
|C100|1|0|CLI000013769|55|00|001|31881|51240107731241000150550010000318811825688530|09012024|09012024|81,80|1|0,00|0,00|81,80|1|0,00|0,00|0,00|0,00|0,00|0,00|0,00|0,00|0,00|0,00|0,00|0,00|
|C190|060|5102|0,00|67,80|0,00|0,00|0,00|0,00|0,00|0,00||
|C190|102|5101|0,00|14,00|0,00|0,00|0,00|0,00|0,00|0,00||
|C100|1|0|CLI000013884|55|00|001|32007|51240107731241000150550010000320071205369076|16012024|16012024|423,50|1|0,00|0,00|423,50|0|0,00|0,00|0,00|0,00|0,00|0,00|0,00|0,00|0,00|0,00|0,00|0,00|
|C190|060|5405|0,00|207,50|0,00|0,00|0,00|0,00|0,00|0,00||
|C190|102|5101|0,00|209,00|0,00|0,00|0,00|0,00|0,00|0,00||
|C190|102|5102|0,00|7,00|0,00|0,00|0,00|0,00|0,00|0,00||
|C100|1|0|CLI000013923|55|00|001|31833|51240107731241000150550010000318331876574136|05012024|05012024|23107,00|1|0,00|0,00|23107,00|9|0,00|0,00|0,00|0,00|0,00|0,00|0,00|0,00|0,00|0,00|0,00|0,00|
|C190|041|5101|0,00|156,00|0,00|0,00|0,00|0,00|0,00|0,00||
|C190|060|5101|0,00|624,00|0,00|0,00|0,00|0,00|0,00|0,00||
|C190|060|5102|0,00|128,00|0,00|0,00|0,00|0,00|0,00|0,00||
|C190|060|5405|0,00|3926,00|0,00|0,00|0,00|0,00|0,00|0,00||
|C190|102|5101|0,00|18273,00|0,00|0,00|0,00|0,00|0,00|0,00||
|C100|1|0|CLI000013923|55|00|001|32066|51240107731241000150550010000320661752512530|18012024|18012024|4116,80|1|0,00|0,00|4116,80|9|0,00|0,00|0,00|0,00|0,00|0,00|0,00|0,00|0,00|0,00|0,00|0,00|
|C190|060|5102|0,00|2041,50|0,00|0,00|0,00|0,00|0,00|0,00||
|C190|060|5405|0,00|1560,30|0,00|0,00|0,00|0,00|0,00|0,00||
|C190|102|5101|0,00|515,00|0,00|0,00|0,00|0,00|0,00|0,00||
|C100|1|0|CLI000014175|55|00|001|32033|51240107731241000150550010000320331724972083|17012024|17012024|160,00|1|0,00|0,00|160,00|1|0,00|0,00|0,00|0,00|0,00|0,00|0,00|0,00|0,00|0,00|0,00|0,00|
|C190|102|5101|0,00|160,00|0,00|0,00|0,00|0,00|0,00|0,00||
|C100|1|0|CLI000014175|55|00|001|32069|51240107731241000150550010000320691327708951|18012024|18012024|585,00|0|0,00|0,00|585,00|0|0,00|0,00|0,00|0,00|0,00|0,00|0,00|0,00|0,00|0,00|0,00|0,00|
|C190|060|5405|0,00|585,00|0,00|0,00|0,00|0,00|0,00|0,00||
|C100|1|0|CLI000014379|55|00|001|32061|51240107731241000150550010000320611404601402|18012024|18012024|360,00|0|0,00|0,00|360,00|0|0,00|0,00|0,00|0,00|0,00|0,00|0,00|0,00|0,00|0,00|0,00|0,00|
|C190|060|5405|0,00|360,00|0,00|0,00|0,00|0,00|0,00|0,00||
|C100|1|0|CLI000014455|55|00|001|32254|51240107731241000150550010000322541435359006|29012024|29012024|85,90|0|0,00|0,00|85,90|0|0,00|0,00|0,00|36,00|6,12|0,00|0,00|0,00|0,00|0,00|0,00|0,00|
|C190|000|5102|17,00|36,00|36,00|6,12|0,00|0,00|0,00|0,00||
|C190|060|5405|0,00|49,90|0,00|0,00|0,00|0,00|0,00|0,00||
|C100|1|0|CLI000014455|55|00|001|32261|51240107731241000150550010000322611518991839|29012024|29012024|54,00|0|0,00|0,00|54,00|0|0,00|0,00|0,00|54,00|9,18|0,00|0,00|0,00|0,00|0,00|0,00|0,00|
|C190|000|5102|17,00|54,00|54,00|9,18|0,00|0,00|0,00|0,00||
|C100|1|0|CLI000014455|55|00|001|32300|51240107731241000150550010000323001271625633|31012024|31012024|23,75|0|0,00|0,00|23,75|0|0,00|0,00|0,00|23,75|4,04|0,00|0,00|0,00|0,00|0,00|0,00|0,00|
|C190|000|5102|17,00|23,75|23,75|4,04|0,00|0,00|0,00|0,00||
|C100|1|0|CLI000014532|55|00|001|31924|51240107731241000150550010000319241815388770|11012024|11012024|240,00|1|0,00|0,00|240,00|0|0,00|0,00|0,00|0,00|0,00|0,00|0,00|0,00|0,00|0,00|0,00|0,00|
|C190|060|5405|0,00|240,00|0,00|0,00|0,00|0,00|0,00|0,00||
|C100|1|0|CLI000014719|55|00|001|31944|51240107731241000150550010000319441607096447|11012024|11012024|240,00|0|0,00|0,00|240,00|1|0,00|0,00|0,00|0,00|0,00|0,00|0,00|0,00|0,00|0,00|0,00|0,00|
|C190|060|5405|0,00|240,00|0,00|0,00|0,00|0,00|0,00|0,00||
|C100|1|0|CLI000014719|55|00|001|32133|51240107731241000150550010000321331583026328|22012024|22012024|120,00|0|0,00|0,00|120,00|1|0,00|0,00|0,00|0,00|0,00|0,00|0,00|0,00|0,00|0,00|0,00|0,00|
|C190|060|5405|0,00|120,00|0,00|0,00|0,00|0,00|0,00|0,00||
|C100|1|0|CLI000014835|55|00|001|31955|51240107731241000150550010000319551186707120|12012024|12012024|229,00|1|0,00|0,00|229,00|1|0,00|0,00|0,00|0,00|0,00|0,00|0,00|0,00|0,00|0,00|0,00|0,00|
|C190|060|5405|0,00|179,00|0,00|0,00|0,00|0,00|0,00|0,00||
|C190|102|5101|0,00|50,00|0,00|0,00|0,00|0,00|0,00|0,00||
|C100|1|0|CLI000015048|55|00|001|32027|51240107731241000150550010000320271332905581|16012024|16012024|396,80|1|0,00|0,00|396,80|0|0,00|0,00|0,00|0,00|0,00|0,00|0,00|0,00|0,00|0,00|0,00|0,00|
|C190|060|5102|0,00|15,50|0,00|0,00|0,00|0,00|0,00|0,00||
|C190|060|5405|0,00|381,30|0,00|0,00|0,00|0,00|0,00|0,00||
|C100|1|0|CLI000015048|55|00|001|32099|51240107731241000150550010000320991307265034|19012024|19012024|451,80|1|0,00|0,00|451,80|1|0,00|0,00|0,00|0,00|0,00|0,00|0,00|0,00|0,00|0,00|0,00|0,00|
|C190|060|5101|0,00|15,00|0,00|0,00|0,00|0,00|0,00|0,00||
|C190|060|5102|0,00|69,00|0,00|0,00|0,00|0,00|0,00|0,00||
|C190|060|5405|0,00|219,80|0,00|0,00|0,00|0,00|0,00|0,00||
|C190|090|5405|0,00|148,00|0,00|0,00|0,00|0,00|0,00|0,00||
|C100|1|0|CLI000015048|55|00|001|32186|51240107731241000150550010000321861164365909|25012024|25012024|272,00|1|0,00|0,00|272,00|1|0,00|0,00|0,00|0,00|0,00|0,00|0,00|0,00|0,00|0,00|0,00|0,00|
|C190|060|5405|0,00|272,00|0,00|0,00|0,00|0,00|0,00|0,00||
|C100|1|0|CLI000015048|55|00|001|32245|51240107731241000150550010000322451342119987|29012024|29012024|596,00|1|0,00|0,00|596,00|1|0,00|0,00|0,00|596,00|101,32|0,00|0,00|0,00|0,00|0,00|0,00|0,00|
|C190|000|5102|17,00|596,00|596,00|101,32|0,00|0,00|0,00|0,00||
|C100|1|0|CLI000015048|55|00|001|32283|51240107731241000150550010000322831105529945|30012024|30012024|586,90|1|0,00|0,00|586,90|0|0,00|0,00|0,00|222,90|37,89|0,00|0,00|0,00|0,00|0,00|0,00|0,00|
|C190|000|5101|17,00|41,00|41,00|6,97|0,00|0,00|0,00|0,00||
|C190|000|5102|17,00|181,90|181,90|30,92|0,00|0,00|0,00|0,00||
|C190|060|5405|0,00|364,00|0,00|0,00|0,00|0,00|0,00|0,00||
|C100|1|0|CLI000015048|55|00|001|32314|51240107731241000150550010000323141808602059|31012024|31012024|93,90|1|0,00|0,00|93,90|0|0,00|0,00|0,00|14,00|2,38|0,00|0,00|0,00|0,00|0,00|0,00|0,00|
|C190|000|5101|17,00|14,00|14,00|2,38|0,00|0,00|0,00|0,00||
|C190|060|5405|0,00|79,90|0,00|0,00|0,00|0,00|0,00|0,00||
|C100|1|0|CLI000015174|55|00|001|31780|51240107731241000150550010000317801598784809|03012024|03012024|429,00|1|0,00|0,00|429,00|1|0,00|0,00|0,00|0,00|0,00|0,00|0,00|0,00|0,00|0,00|0,00|0,00|
|C190|060|5102|0,00|60,00|0,00|0,00|0,00|0,00|0,00|0,00||
|C190|060|5405|0,00|354,00|0,00|0,00|0,00|0,00|0,00|0,00||
|C190|102|5101|0,00|15,00|0,00|0,00|0,00|0,00|0,00|0,00||
|C100|1|0|CLI000015174|55|00|001|32136|51240107731241000150550010000321361379522268|23012024|23012024|494,00|1|0,00|0,00|494,00|1|0,00|0,00|0,00|0,00|0,00|0,00|0,00|0,00|0,00|0,00|0,00|0,00|
|C190|060|5405|0,00|494,00|0,00|0,00|0,00|0,00|0,00|0,00||
|C100|1|0|CLI000015202|55|00|001|31948|51240107731241000150550010000319481684697807|11012024|11012024|34,00|1|0,00|0,00|34,00|0|0,00|0,00|0,00|0,00|0,00|0,00|0,00|0,00|0,00|0,00|0,00|0,00|
|C190|060|5405|0,00|34,00|0,00|0,00|0,00|0,00|0,00|0,00||
|C100|1|0|CLI000015202|55|00|001|32028|51240107731241000150550010000320281938066105|16012024|16012024|45,00|1|0,00|0,00|45,00|0|0,00|0,00|0,00|0,00|0,00|0,00|0,00|0,00|0,00|0,00|0,00|0,00|
|C190|060|5405|0,00|45,00|0,00|0,00|0,00|0,00|0,00|0,00||
|C100|1|0|CLI000015202|55|00|001|32085|51240107731241000150550010000320851559297644|18012024|18012024|33,80|1|0,00|0,00|33,80|0|0,00|0,00|0,00|0,00|0,00|0,00|0,00|0,00|0,00|0,00|0,00|0,00|
|C190|060|5405|0,00|33,80|0,00|0,00|0,00|0,00|0,00|0,00||
|C100|1|0|CLI000015206|55|00|001|31763|51240107731241000150550010000317631138749308|02012024|02012024|480,00|1|0,00|0,00|480,00|0|0,00|0,00|0,00|0,00|0,00|0,00|0,00|0,00|0,00|0,00|0,00|0,00|
|C190|060|5405|0,00|480,00|0,00|0,00|0,00|0,00|0,00|0,00||
|C100|1|0|CLI000015206|55|00|001|31978|51240107731241000150550010000319781922308135|15012024|15012024|240,00|1|0,00|0,00|240,00|1|0,00|0,00|0,00|0,00|0,00|0,00|0,00|0,00|0,00|0,00|0,00|0,00|
|C190|060|5405|0,00|240,00|0,00|0,00|0,00|0,00|0,00|0,00||
|C100|1|0|CLI000015206|55|00|001|32102|51240107731241000150550010000321021753324239|22012024|22012024|80,00|1|0,00|0,00|80,00|1|0,00|0,00|0,00|80,00|13,60|0,00|0,00|0,00|0,00|0,00|0,00|0,00|
|C190|000|5101|17,00|80,00|80,00|13,60|0,00|0,00|0,00|0,00||
|C100|1|0|CLI000015223|55|00|001|31973|51240107731241000150550010000319731239375303|15012024|15012024|150,00|0|0,00|0,00|150,00|1|0,00|0,00|0,00|0,00|0,00|0,00|0,00|0,00|0,00|0,00|0,00|0,00|
|C190|060|5102|0,00|150,00|0,00|0,00|0,00|0,00|0,00|0,00||
|C100|1|0|CLI000015223|55|00|001|31996|51240107731241000150550010000319961568787088|16012024|16012024|84,00|0|0,00|0,00|84,00|1|0,00|0,00|0,00|0,00|0,00|0,00|0,00|0,00|0,00|0,00|0,00|0,00|
|C190|060|5102|0,00|84,00|0,00|0,00|0,00|0,00|0,00|0,00||
|C100|1|0|CLI000015224|55|00|001|32092|51240107731241000150550010000320921323869045|19012024|19012024|68,00|1|0,00|0,00|68,00|0|0,00|0,00|0,00|0,00|0,00|0,00|0,00|0,00|0,00|0,00|0,00|0,00|
|C190|060|5101|0,00|43,00|0,00|0,00|0,00|0,00|0,00|0,00||
|C190|060|5102|0,00|3,00|0,00|0,00|0,00|0,00|0,00|0,00||
|C190|060|5405|0,00|10,00|0,00|0,00|0,00|0,00|0,00|0,00||
|C190|090|5101|0,00|12,00|0,00|0,00|0,00|0,00|0,00|0,00||
|C100|1|0|CLI000015224|55|00|001|32194|51240107731241000150550010000321941623802990|25012024|25012024|195,70|1|0,00|0,00|195,70|0|0,00|0,00|0,00|180,80|30,74|0,00|0,00|0,00|0,00|0,00|0,00|0,00|
|C190|000|5101|17,00|105,00|105,00|17,85|0,00|0,00|0,00|0,00||
|C190|000|5102|17,00|75,80|75,80|12,89|0,00|0,00|0,00|0,00||
|C190|060|5405|0,00|14,90|0,00|0,00|0,00|0,00|0,00|0,00||
|C100|1|0|CLI000015224|55|00|001|32275|51240107731241000150550010000322751365939424|30012024|30012024|254,00|1|0,00|0,00|254,00|1|0,00|0,00|0,00|254,00|43,18|0,00|0,00|0,00|0,00|0,00|0,00|0,00|
|C190|000|5101|17,00|254,00|254,00|43,18|0,00|0,00|0,00|0,00||
|C100|1|0|CLI000015235|55|00|001|32216|51240107731241000150550010000322161301095380|26012024|26012024|447,00|1|0,00|0,00|447,00|9|0,00|0,00|0,00|447,00|75,99|0,00|0,00|0,00|0,00|0,00|0,00|0,00|
|C190|000|5102|17,00|447,00|447,00|75,99|0,00|0,00|0,00|0,00||
|C100|1|0|CLI000015240|55|00|001|31876|51240107731241000150550010000318761441458270|09012024|09012024|30,00|1|0,00|0,00|30,00|1|0,00|0,00|0,00|0,00|0,00|0,00|0,00|0,00|0,00|0,00|0,00|0,00|
|C190|102|5101|0,00|30,00|0,00|0,00|0,00|0,00|0,00|0,00||
|C100|1|0|CLI000015240|55|00|001|32230|51240107731241000150550010000322301145400150|26012024|26012024|403,00|1|0,00|0,00|403,00|9|0,00|0,00|0,00|403,00|68,51|0,00|0,00|0,00|0,00|0,00|0,00|0,00|
|C190|000|5101|17,00|271,00|271,00|46,07|0,00|0,00|0,00|0,00||
|C190|000|5102|17,00|132,00|132,00|22,44|0,00|0,00|0,00|0,00||
|C100|1|0|CLI000015241|55|00|001|31883|51240107731241000150550010000318831345015596|09012024|09012024|21,00|1|0,00|0,00|21,00|0|0,00|0,00|0,00|0,00|0,00|0,00|0,00|0,00|0,00|0,00|0,00|0,00|
|C190|060|5405|0,00|21,00|0,00|0,00|0,00|0,00|0,00|0,00||
|C100|1|0|CLI000015241|55|00|001|32222|51240107731241000150550010000322221355813270|26012024|26012024|160,00|1|0,00|0,00|160,00|0|0,00|0,00|0,00|160,00|27,20|0,00|0,00|0,00|0,00|0,00|0,00|0,00|
|C190|000|5101|17,00|160,00|160,00|27,20|0,00|0,00|0,00|0,00||
|C100|1|0|CLI000015247|55|00|001|31794|51240107731241000150550010000317941662985496|03012024|03012024|43,50|0|0,00|0,00|43,50|0|0,00|0,00|0,00|0,00|0,00|0,00|0,00|0,00|0,00|0,00|0,00|0,00|
|C190|060|5405|0,00|43,50|0,00|0,00|0,00|0,00|0,00|0,00||
|C100|1|0|CLI000015248|55|00|001|32146|51240107731241000150550010000321461208198454|23012024|23012024|530,00|1|0,00|0,00|530,00|0|0,00|0,00|0,00|530,00|90,10|0,00|0,00|0,00|0,00|0,00|0,00|0,00|
|C190|000|5101|17,00|35,00|35,00|5,95|0,00|0,00|0,00|0,00||
|C190|000|5102|17,00|495,00|495,00|84,15|0,00|0,00|0,00|0,00||
|C100|1|0|CLI000015266|55|00|001|32319|51240107731241000150550010000323191176855238|31012024|31012024|9550,00|1|0,00|0,00|9550,00|0|0,00|0,00|0,00|9550,00|1623,50|0,00|0,00|0,00|0,00|0,00|0,00|0,00|
|C190|000|5102|17,00|9550,00|9550,00|1623,50|0,00|0,00|0,00|0,00||
|C100|1|0|CLI000015266|55|00|001|32320|51240107731241000150550010000323201515976807|31012024|31012024|5640,00|1|0,00|0,00|5640,00|0|0,00|0,00|0,00|5640,00|958,80|0,00|0,00|0,00|0,00|0,00|0,00|0,00|
|C190|000|5102|17,00|5640,00|5640,00|958,80|0,00|0,00|0,00|0,00||
|C100|1|0|CLI000015277|55|00|001|31801|51240107731241000150550010000318011681010574|04012024|04012024|441,90|1|0,00|0,00|441,90|1|0,00|0,00|0,00|0,00|0,00|0,00|0,00|0,00|0,00|0,00|0,00|0,00|
|C190|060|5102|0,00|162,00|0,00|0,00|0,00|0,00|0,00|0,00||
|C190|060|5405|0,00|219,90|0,00|0,00|0,00|0,00|0,00|0,00||
|C190|102|5101|0,00|60,00|0,00|0,00|0,00|0,00|0,00|0,00||
|C100|1|0|CLI000015277|55|00|001|31802|51240107731241000150550010000318021538884660|04012024|04012024|147,60|1|0,00|0,00|147,60|1|0,00|0,00|0,00|0,00|0,00|0,00|0,00|0,00|0,00|0,00|0,00|0,00|
|C190|060|5102|0,00|42,00|0,00|0,00|0,00|0,00|0,00|0,00||
|C190|060|5405|0,00|95,60|0,00|0,00|0,00|0,00|0,00|0,00||
|C190|102|5101|0,00|10,00|0,00|0,00|0,00|0,00|0,00|0,00||
|C100|1|0|CLI000015277|55|00|001|31803|51240107731241000150550010000318031379371262|04012024|04012024|402,80|1|0,00|0,00|402,80|1|0,00|0,00|0,00|0,00|0,00|0,00|0,00|0,00|0,00|0,00|0,00|0,00|
|C190|060|5102|0,00|50,80|0,00|0,00|0,00|0,00|0,00|0,00||
|C190|060|5405|0,00|99,00|0,00|0,00|0,00|0,00|0,00|0,00||
|C190|102|5101|0,00|253,00|0,00|0,00|0,00|0,00|0,00|0,00||
|C100|1|0|CLI000015277|55|00|001|31804|51240107731241000150550010000318041846236427|04012024|04012024|225,90|1|0,00|0,00|225,90|1|0,00|0,00|0,00|0,00|0,00|0,00|0,00|0,00|0,00|0,00|0,00|0,00|
|C190|060|5405|0,00|184,20|0,00|0,00|0,00|0,00|0,00|0,00||
|C190|102|5101|0,00|41,70|0,00|0,00|0,00|0,00|0,00|0,00||
|C100|1|0|CLI000015277|55|00|001|31805|51240107731241000150550010000318051334504497|04012024|04012024|289,50|1|0,00|0,00|289,50|1|0,00|0,00|0,00|0,00|0,00|0,00|0,00|0,00|0,00|0,00|0,00|0,00|
|C190|060|5102|0,00|36,00|0,00|0,00|0,00|0,00|0,00|0,00||
|C190|060|5405|0,00|199,60|0,00|0,00|0,00|0,00|0,00|0,00||
|C190|102|5101|0,00|53,90|0,00|0,00|0,00|0,00|0,00|0,00||
|C100|1|0|CLI000015277|55|00|001|31921|51240107731241000150550010000319211395688627|11012024|11012024|692,40|1|0,00|0,00|692,40|1|0,00|0,00|0,00|0,00|0,00|0,00|0,00|0,00|0,00|0,00|0,00|0,00|
|C190|000|5101|0,00|100,00|0,00|0,00|0,00|0,00|0,00|0,00||
|C190|060|5102|0,00|151,40|0,00|0,00|0,00|0,00|0,00|0,00||
|C190|060|5405|0,00|246,00|0,00|0,00|0,00|0,00|0,00|0,00||
|C190|102|5101|0,00|195,00|0,00|0,00|0,00|0,00|0,00|0,00||
|C195|28||
|C195|29||
|C100|1|0|CLI000015277|55|00|001|31953|51240107731241000150550010000319531430554230|12012024|12012024|234,00|1|0,00|0,00|234,00|1|0,00|0,00|0,00|0,00|0,00|0,00|0,00|0,00|0,00|0,00|0,00|0,00|
|C190|060|5102|0,00|20,00|0,00|0,00|0,00|0,00|0,00|0,00||
|C190|060|5405|0,00|214,00|0,00|0,00|0,00|0,00|0,00|0,00||
|C100|1|0|CLI000015277|55|00|001|32072|51240107731241000150550010000320721181936195|18012024|18012024|772,80|1|0,00|0,00|772,80|0|0,00|0,00|0,00|0,00|0,00|0,00|0,00|0,00|0,00|0,00|0,00|0,00|
|C190|060|5102|0,00|270,00|0,00|0,00|0,00|0,00|0,00|0,00||
|C190|060|5405|0,00|242,00|0,00|0,00|0,00|0,00|0,00|0,00||
|C190|102|5101|0,00|260,80|0,00|0,00|0,00|0,00|0,00|0,00||
|C100|1|0|CLI000015277|55|00|001|32073|51240107731241000150550010000320731887564672|18012024|18012024|381,90|1|0,00|0,00|381,90|0|0,00|0,00|0,00|0,00|0,00|0,00|0,00|0,00|0,00|0,00|0,00|0,00|
|C190|060|5102|0,00|140,00|0,00|0,00|0,00|0,00|0,00|0,00||
|C190|060|5405|0,00|176,30|0,00|0,00|0,00|0,00|0,00|0,00||
|C190|102|5101|0,00|65,60|0,00|0,00|0,00|0,00|0,00|0,00||
|C100|1|0|CLI000015277|55|00|001|32074|51240107731241000150550010000320741697224142|18012024|18012024|313,50|1|0,00|0,00|313,50|0|0,00|0,00|0,00|0,00|0,00|0,00|0,00|0,00|0,00|0,00|0,00|0,00|
|C190|060|5101|0,00|10,00|0,00|0,00|0,00|0,00|0,00|0,00||
|C190|060|5102|0,00|153,00|0,00|0,00|0,00|0,00|0,00|0,00||
|C190|060|5405|0,00|46,00|0,00|0,00|0,00|0,00|0,00|0,00||
|C190|102|5101|0,00|104,50|0,00|0,00|0,00|0,00|0,00|0,00||
|C100|1|0|CLI000015277|55|00|001|32143|51240107731241000150550010000321431840947962|23012024|23012024|131,15|1|0,00|0,00|131,15|1|0,00|0,00|0,00|32,75|5,57|0,00|0,00|0,00|0,00|0,00|0,00|0,00|
|C190|000|5101|17,00|32,75|32,75|5,57|0,00|0,00|0,00|0,00||
|C190|060|5405|0,00|98,40|0,00|0,00|0,00|0,00|0,00|0,00||
|C100|1|0|CLI000015277|55|00|001|32160|51240107731241000150550010000321601873930814|24012024|24012024|459,20|1|0,00|0,00|459,20|1|0,00|0,00|0,00|359,40|61,10|0,00|0,00|0,00|0,00|0,00|0,00|0,00|
|C190|000|5101|17,00|268,00|268,00|45,56|0,00|0,00|0,00|0,00||
|C190|000|5102|17,00|91,40|91,40|15,54|0,00|0,00|0,00|0,00||
|C190|060|5405|0,00|99,80|0,00|0,00|0,00|0,00|0,00|0,00||
|C100|1|0|CLI000015277|55|00|001|32172|51240107731241000150550010000321721503240792|24012024|24012024|475,00|1|0,00|0,00|475,00|1|0,00|0,00|0,00|339,00|57,63|0,00|0,00|0,00|0,00|0,00|0,00|0,00|
|C190|000|5101|17,00|75,00|75,00|12,75|0,00|0,00|0,00|0,00||
|C190|000|5102|17,00|264,00|264,00|44,88|0,00|0,00|0,00|0,00||
|C190|060|5405|0,00|136,00|0,00|0,00|0,00|0,00|0,00|0,00||
|C100|1|0|CLI000015277|55|00|001|32173|51240107731241000150550010000321731967501001|24012024|24012024|165,60|1|0,00|0,00|165,60|1|0,00|0,00|0,00|85,60|14,54|0,00|0,00|0,00|0,00|0,00|0,00|0,00|
|C190|000|5101|17,00|15,00|15,00|2,55|0,00|0,00|0,00|0,00||
|C190|000|5102|17,00|70,60|70,60|11,99|0,00|0,00|0,00|0,00||
|C190|060|5405|0,00|80,00|0,00|0,00|0,00|0,00|0,00|0,00||
|C100|1|0|CLI000015277|55|00|001|32174|51240107731241000150550010000321741314998927|24012024|24012024|881,70|1|0,00|0,00|881,70|1|0,00|0,00|0,00|590,20|100,35|0,00|0,00|0,00|0,00|0,00|0,00|0,00|
|C190|000|5101|17,00|280,00|280,00|47,61|0,00|0,00|0,00|0,00||
|C190|000|5102|17,00|310,20|310,20|52,74|0,00|0,00|0,00|0,00||
|C190|060|5405|0,00|291,50|0,00|0,00|0,00|0,00|0,00|0,00||
|C100|1|0|CLI000015277|55|00|001|32193|51240107731241000150550010000321931101410693|25012024|25012024|207,30|1|0,00|0,00|207,30|1|0,00|0,00|0,00|69,00|11,73|0,00|0,00|0,00|0,00|0,00|0,00|0,00|
|C190|000|5102|17,00|69,00|69,00|11,73|0,00|0,00|0,00|0,00||
|C190|060|5405|0,00|138,30|0,00|0,00|0,00|0,00|0,00|0,00||
|C100|1|0|CLI000015277|55|00|001|32279|51240107731241000150550010000322791293288723|30012024|30012024|584,80|1|0,00|0,00|584,80|0|0,00|0,00|0,00|222,00|37,74|0,00|0,00|0,00|0,00|0,00|0,00|0,00|
|C190|000|5102|17,00|222,00|222,00|37,74|0,00|0,00|0,00|0,00||
|C190|060|5405|0,00|362,80|0,00|0,00|0,00|0,00|0,00|0,00||
|C100|1|0|CLI000015277|55|00|001|32311|51240107731241000150550010000323111348952696|31012024|31012024|217,30|1|0,00|0,00|217,30|1|0,00|0,00|0,00|53,40|9,08|0,00|0,00|0,00|0,00|0,00|0,00|0,00|
|C190|000|5101|17,00|53,40|53,40|9,08|0,00|0,00|0,00|0,00||
|C190|060|5405|0,00|163,90|0,00|0,00|0,00|0,00|0,00|0,00||
|C100|1|0|CLI000015277|55|00|001|32312|51240107731241000150550010000323121727615792|31012024|31012024|233,00|1|0,00|0,00|233,00|1|0,00|0,00|0,00|165,00|28,05|0,00|0,00|0,00|0,00|0,00|0,00|0,00|
|C190|000|5101|17,00|15,00|15,00|2,55|0,00|0,00|0,00|0,00||
|C190|000|5102|17,00|150,00|150,00|25,50|0,00|0,00|0,00|0,00||
|C190|060|5405|0,00|68,00|0,00|0,00|0,00|0,00|0,00|0,00||
|C100|1|0|CLI000015277|55|00|001|32313|51240107731241000150550010000323131704152912|31012024|31012024|47,00|1|0,00|0,00|47,00|1|0,00|0,00|0,00|47,00|7,99|0,00|0,00|0,00|0,00|0,00|0,00|0,00|
|C190|000|5102|17,00|47,00|47,00|7,99|0,00|0,00|0,00|0,00||
|C100|1|0|CLI000015277|55|00|001|32315|51240107731241000150550010000323151336928115|31012024|31012024|492,30|1|0,00|0,00|492,30|1|0,00|0,00|0,00|470,30|79,97|0,00|0,00|0,00|0,00|0,00|0,00|0,00|
|C190|000|5101|17,00|260,80|260,80|44,34|0,00|0,00|0,00|0,00||
|C190|000|5102|17,00|209,50|209,50|35,63|0,00|0,00|0,00|0,00||
|C190|060|5405|0,00|22,00|0,00|0,00|0,00|0,00|0,00|0,00||
|C100|1|0|CLI000015290|55|00|001|32038|51240107731241000150550010000320381797710638|17012024|17012024|292,50|1|0,00|0,00|292,50|0|0,00|0,00|0,00|0,00|0,00|0,00|0,00|0,00|0,00|0,00|0,00|0,00|
|C190|060|5405|0,00|92,50|0,00|0,00|0,00|0,00|0,00|0,00||
|C190|102|5101|0,00|200,00|0,00|0,00|0,00|0,00|0,00|0,00||
|C100|1|0|CLI000015292|55|00|001|32163|51240107731241000150550010000321631373663010|24012024|24012024|25950,00|1|0,00|0,00|25950,00|0|0,00|0,00|0,00|25950,00|4411,50|0,00|0,00|0,00|0,00|0,00|0,00|0,00|
|C190|000|5102|17,00|25950,00|25950,00|4411,50|0,00|0,00|0,00|0,00||
|C100|1|0|CLI000015292|55|00|001|32164|51240107731241000150550010000321641745416165|24012024|24012024|5190,00|1|0,00|0,00|5190,00|0|0,00|0,00|0,00|5190,00|882,30|0,00|0,00|0,00|0,00|0,00|0,00|0,00|
|C190|000|5102|17,00|5190,00|5190,00|882,30|0,00|0,00|0,00|0,00||
|C100|1|0|CLI000015295|55|00|001|31809|51240107731241000150550010000318091851751667|04012024|04012024|721,20|1|0,00|0,00|721,20|1|0,00|0,00|0,00|0,00|0,00|0,00|0,00|0,00|0,00|0,00|0,00|0,00|
|C190|000|5101|0,00|25,00|0,00|0,00|0,00|0,00|0,00|0,00||
|C190|060|5102|0,00|29,80|0,00|0,00|0,00|0,00|0,00|0,00||
|C190|060|5405|0,00|291,40|0,00|0,00|0,00|0,00|0,00|0,00||
|C190|102|5101|0,00|375,00|0,00|0,00|0,00|0,00|0,00|0,00||
|C195|30||
|C195|31||
|C100|1|0|CLI000015295|55|00|001|32155|51240107731241000150550010000321551987645604|23012024|23012024|811,65|1|0,00|0,00|811,65|1|0,00|0,00|0,00|592,80|100,77|0,00|0,00|0,00|0,00|0,00|0,00|0,00|
|C190|000|5101|17,00|497,00|497,00|84,49|0,00|0,00|0,00|0,00||
|C190|000|5102|17,00|95,80|95,80|16,28|0,00|0,00|0,00|0,00||
|C190|060|5405|0,00|218,85|0,00|0,00|0,00|0,00|0,00|0,00||
|C100|1|0|CLI000015298|55|00|001|31837|51240107731241000150550010000318371657123413|05012024|05012024|240,00|0|0,00|0,00|240,00|0|0,00|0,00|0,00|0,00|0,00|0,00|0,00|0,00|0,00|0,00|0,00|0,00|
|C190|060|5405|0,00|240,00|0,00|0,00|0,00|0,00|0,00|0,00||
|C100|1|0|CLI000015317|55|00|001|31983|51240107731241000150550010000319831141996896|15012024|15012024|466,70|1|0,00|0,00|466,70|1|0,00|0,00|0,00|0,00|0,00|0,00|0,00|0,00|0,00|0,00|0,00|0,00|
|C190|060|5102|0,00|230,00|0,00|0,00|0,00|0,00|0,00|0,00||
|C190|060|5405|0,00|171,70|0,00|0,00|0,00|0,00|0,00|0,00||
|C190|102|5101|0,00|65,00|0,00|0,00|0,00|0,00|0,00|0,00||
|C100|1|0|CLI000015318|55|00|001|32078|51240107731241000150550010000320781965948166|18012024|18012024|280,00|1|0,00|0,00|280,00|0|0,00|0,00|0,00|0,00|0,00|0,00|0,00|0,00|0,00|0,00|0,00|0,00|
|C190|102|5101|0,00|280,00|0,00|0,00|0,00|0,00|0,00|0,00||
|C100|1|0|CLI000015320|55|00|001|31831|51240107731241000150550010000318311997395386|05012024|05012024|422,70|1|0,00|0,00|422,70|0|0,00|0,00|0,00|0,00|0,00|0,00|0,00|0,00|0,00|0,00|0,00|0,00|
|C190|060|5102|0,00|75,80|0,00|0,00|0,00|0,00|0,00|0,00||
|C190|060|5405|0,00|274,90|0,00|0,00|0,00|0,00|0,00|0,00||
|C190|102|5101|0,00|72,00|0,00|0,00|0,00|0,00|0,00|0,00||
|C100|1|0|CLI000015333|55|00|001|32022|51240107731241000150550010000320221179378472|16012024|16012024|480,00|1|0,00|0,00|480,00|1|0,00|0,00|0,00|0,00|0,00|0,00|0,00|0,00|0,00|0,00|0,00|0,00|
|C190|102|5101|0,00|480,00|0,00|0,00|0,00|0,00|0,00|0,00||
|C100|1|0|CLI000015345|55|00|001|31762|51240107731241000150550010000317621703723551|02012024|02012024|225,55|1|0,00|0,00|225,55|0|0,00|0,00|0,00|0,00|0,00|0,00|0,00|0,00|0,00|0,00|0,00|0,00|
|C190|060|5102|0,00|30,00|0,00|0,00|0,00|0,00|0,00|0,00||
|C190|060|5405|0,00|105,90|0,00|0,00|0,00|0,00|0,00|0,00||
|C190|102|5101|0,00|59,75|0,00|0,00|0,00|0,00|0,00|0,00||
|C190|102|5102|0,00|29,90|0,00|0,00|0,00|0,00|0,00|0,00||
|C100|1|0|CLI000015357|55|00|001|31815|51240107731241000150550010000318151525735430|04012024|04012024|89,00|1|0,00|0,00|89,00|0|0,00|0,00|0,00|0,00|0,00|0,00|0,00|0,00|0,00|0,00|0,00|0,00|
|C190|060|5405|0,00|74,00|0,00|0,00|0,00|0,00|0,00|0,00||
|C190|102|5101|0,00|15,00|0,00|0,00|0,00|0,00|0,00|0,00||
|C100|1|0|CLI000015367|55|00|001|32025|51240107731241000150550010000320251309059934|16012024|16012024|269,00|1|0,00|0,00|269,00|1|0,00|0,00|0,00|0,00|0,00|0,00|0,00|0,00|0,00|0,00|0,00|0,00|
|C190|060|5102|0,00|32,00|0,00|0,00|0,00|0,00|0,00|0,00||
|C190|060|5405|0,00|222,00|0,00|0,00|0,00|0,00|0,00|0,00||
|C190|102|5101|0,00|15,00|0,00|0,00|0,00|0,00|0,00|0,00||
|C100|1|0|CLI000015371|55|00|001|31743|51240107731241000150550010000317431241218848|02012024|02012024|185,00|1|0,00|0,00|185,00|1|0,00|0,00|0,00|0,00|0,00|0,00|0,00|0,00|0,00|0,00|0,00|0,00|
|C190|060|5405|0,00|185,00|0,00|0,00|0,00|0,00|0,00|0,00||
|C100|1|0|CLI000015371|55|00|001|31839|51240107731241000150550010000318391193029532|05012024|05012024|244,00|1|0,00|0,00|244,00|1|0,00|0,00|0,00|0,00|0,00|0,00|0,00|0,00|0,00|0,00|0,00|0,00|
|C190|060|5405|0,00|244,00|0,00|0,00|0,00|0,00|0,00|0,00||
|C100|1|0|CLI000015371|55|00|001|32179|51240107731241000150550010000321791315339974|24012024|24012024|311,55|1|0,00|0,00|311,55|1|0,00|0,00|0,00|70,00|11,90|0,00|0,00|0,00|0,00|0,00|0,00|0,00|
|C190|000|5101|17,00|70,00|70,00|11,90|0,00|0,00|0,00|0,00||
|C190|060|5405|0,00|241,55|0,00|0,00|0,00|0,00|0,00|0,00||
|C100|1|0|CLI000015382|55|00|001|31826|51240107731241000150550010000318261299140811|05012024|05012024|480,00|0|0,00|0,00|480,00|0|0,00|0,00|0,00|0,00|0,00|0,00|0,00|0,00|0,00|0,00|0,00|0,00|
|C190|060|5405|0,00|480,00|0,00|0,00|0,00|0,00|0,00|0,00||
|C100|1|0|CLI000015382|55|00|001|31829|51240107731241000150550010000318291532996525|05012024|05012024|510,00|0|0,00|0,00|510,00|0|0,00|0,00|0,00|0,00|0,00|0,00|0,00|0,00|0,00|0,00|0,00|0,00|
|C190|060|5405|0,00|510,00|0,00|0,00|0,00|0,00|0,00|0,00||
|C100|1|0|CLI000015382|55|00|001|31965|51240107731241000150550010000319651928158005|12012024|12012024|480,00|0|0,00|0,00|480,00|1|0,00|0,00|0,00|0,00|0,00|0,00|0,00|0,00|0,00|0,00|0,00|0,00|
|C190|060|5405|0,00|480,00|0,00|0,00|0,00|0,00|0,00|0,00||
|C100|1|0|CLI000015382|55|00|001|32080|51240107731241000150550010000320801589905123|18012024|18012024|480,00|0|0,00|0,00|480,00|0|0,00|0,00|0,00|0,00|0,00|0,00|0,00|0,00|0,00|0,00|0,00|0,00|
|C190|060|5405|0,00|480,00|0,00|0,00|0,00|0,00|0,00|0,00||
|C100|1|0|CLI000015382|55|00|001|32210|51240107731241000150550010000322101709329228|25012024|25012024|480,00|1|0,00|0,00|480,00|0|0,00|0,00|0,00|480,00|81,60|0,00|0,00|0,00|0,00|0,00|0,00|0,00|
|C190|000|5101|17,00|480,00|480,00|81,60|0,00|0,00|0,00|0,00||
|C100|1|0|CLI000015385|55|00|001|31900|51240107731241000150550010000319001839476627|10012024|10012024|2400,00|1|0,00|0,00|2400,00|1|0,00|0,00|0,00|0,00|0,00|0,00|0,00|0,00|0,00|0,00|0,00|0,00|
|C190|060|6102|0,00|2400,00|0,00|0,00|0,00|0,00|0,00|0,00||
|C100|1|0|CLI000015386|55|00|001|31807|51240107731241000150550010000318071625971649|04012024|04012024|424,10|1|0,00|0,00|424,10|9|0,00|0,00|0,00|0,00|0,00|0,00|0,00|0,00|0,00|0,00|0,00|0,00|
|C190|060|5102|0,00|109,10|0,00|0,00|0,00|0,00|0,00|0,00||
|C190|060|5405|0,00|185,00|0,00|0,00|0,00|0,00|0,00|0,00||
|C190|102|5101|0,00|130,00|0,00|0,00|0,00|0,00|0,00|0,00||
|C100|1|0|CLI000015386|55|00|001|31892|51240107731241000150550010000318921162285879|10012024|10012024|99,90|0|0,00|0,00|99,90|0|0,00|0,00|0,00|0,00|0,00|0,00|0,00|0,00|0,00|0,00|0,00|0,00|
|C190|060|5405|0,00|99,90|0,00|0,00|0,00|0,00|0,00|0,00||
|C100|1|0|CLI000015386|55|00|001|31952|51240107731241000150550010000319521446192638|12012024|12012024|392,00|1|0,00|0,00|392,00|0|0,00|0,00|0,00|0,00|0,00|0,00|0,00|0,00|0,00|0,00|0,00|0,00|
|C190|060|5405|0,00|252,00|0,00|0,00|0,00|0,00|0,00|0,00||
|C190|102|5101|0,00|140,00|0,00|0,00|0,00|0,00|0,00|0,00||
|C100|1|0|CLI000015401|55|00|001|31855|51240107731241000150550010000318551391598162|08012024|08012024|154,00|1|0,00|0,00|154,00|0|0,00|0,00|0,00|0,00|0,00|0,00|0,00|0,00|0,00|0,00|0,00|0,00|
|C190|060|5101|0,00|104,00|0,00|0,00|0,00|0,00|0,00|0,00||
|C190|060|5102|0,00|50,00|0,00|0,00|0,00|0,00|0,00|0,00||
|C100|1|0|CLI000015424|55|00|001|32117|51240107731241000150550010000321171115800551|22012024|22012024|1549,00|1|0,00|0,00|1549,00|1|0,00|0,00|0,00|1549,00|263,33|0,00|0,00|0,00|0,00|0,00|0,00|0,00|
|C190|000|5101|17,00|1549,00|1549,00|263,33|0,00|0,00|0,00|0,00||
|C100|1|0|CLI000015428|55|00|001|32255|51240107731241000150550010000322551153729016|29012024|29012024|240,00|1|0,00|0,00|240,00|0|0,00|0,00|0,00|240,00|40,80|0,00|0,00|0,00|0,00|0,00|0,00|0,00|
|C190|000|5101|17,00|240,00|240,00|40,80|0,00|0,00|0,00|0,00||
|C100|1|0|CLI000015429|55|00|001|31976|51240107731241000150550010000319761147638199|15012024|15012024|114,90|1|0,00|0,00|114,90|0|0,00|0,00|0,00|0,00|0,00|0,00|0,00|0,00|0,00|0,00|0,00|0,00|
|C190|060|5405|0,00|79,90|0,00|0,00|0,00|0,00|0,00|0,00||
|C190|102|5101|0,00|35,00|0,00|0,00|0,00|0,00|0,00|0,00||
|C100|1|0|CLI000015431|55|00|001|32154|51240107731241000150550010000321541633000769|23012024|23012024|240,00|1|0,00|0,00|240,00|1|0,00|0,00|0,00|240,00|40,80|0,00|0,00|0,00|0,00|0,00|0,00|0,00|
|C190|000|5101|17,00|240,00|240,00|40,80|0,00|0,00|0,00|0,00||
|C100|1|0|CLI000015435|55|00|001|31759|51240107731241000150550010000317591417878314|02012024|02012024|2490,70|1|0,00|0,00|2490,70|1|0,00|0,00|0,00|0,00|0,00|0,00|0,00|0,00|0,00|0,00|0,00|0,00|
|C190|060|5102|0,00|853,00|0,00|0,00|0,00|0,00|0,00|0,00||
|C190|060|5405|0,00|1105,70|0,00|0,00|0,00|0,00|0,00|0,00||
|C190|102|5101|0,00|532,00|0,00|0,00|0,00|0,00|0,00|0,00||
|C100|1|0|CLI000015435|55|00|001|31867|51240107731241000150550010000318671753872366|08012024|08012024|223,95|1|0,00|0,00|223,95|0|0,00|0,00|0,00|0,00|0,00|0,00|0,00|0,00|0,00|0,00|0,00|0,00|
|C190|041|5102|0,00|169,00|0,00|0,00|0,00|0,00|0,00|0,00||
|C190|060|5102|0,00|47,00|0,00|0,00|0,00|0,00|0,00|0,00||
|C190|060|5405|0,00|7,95|0,00|0,00|0,00|0,00|0,00|0,00||
|C100|1|0|CLI000015435|55|00|001|31957|51240107731241000150550010000319571689603591|12012024|12012024|358,80|1|0,00|0,00|358,80|9|0,00|0,00|0,00|0,00|0,00|0,00|0,00|0,00|0,00|0,00|0,00|0,00|
|C190|060|5102|0,00|233,00|0,00|0,00|0,00|0,00|0,00|0,00||
|C190|060|5405|0,00|125,80|0,00|0,00|0,00|0,00|0,00|0,00||
|C100|1|0|CLI000015436|55|00|001|31787|51240107731241000150550010000317871241511566|03012024|03012024|99,75|1|0,00|0,00|99,75|9|0,00|0,00|0,00|0,00|0,00|0,00|0,00|0,00|0,00|0,00|0,00|0,00|
|C190|060|5102|0,00|49,50|0,00|0,00|0,00|0,00|0,00|0,00||
|C190|060|5405|0,00|40,25|0,00|0,00|0,00|0,00|0,00|0,00||
|C190|102|5101|0,00|10,00|0,00|0,00|0,00|0,00|0,00|0,00||
|C100|1|0|CLI000015438|55|00|001|31751|51240107731241000150550010000317511366613000|02012024|02012024|87,20|1|0,00|0,00|87,20|1|0,00|0,00|0,00|0,00|0,00|0,00|0,00|0,00|0,00|0,00|0,00|0,00|
|C190|060|5102|0,00|14,70|0,00|0,00|0,00|0,00|0,00|0,00||
|C190|060|5405|0,00|7,50|0,00|0,00|0,00|0,00|0,00|0,00||
|C190|102|5101|0,00|65,00|0,00|0,00|0,00|0,00|0,00|0,00||
|C100|1|0|CLI000015444|55|00|001|32114|51240107731241000150550010000321141385019958|22012024|22012024|45,00|0|0,00|0,00|45,00|1|0,00|0,00|0,00|0,00|0,00|0,00|0,00|0,00|0,00|0,00|0,00|0,00|
|C190|060|5405|0,00|45,00|0,00|0,00|0,00|0,00|0,00|0,00||
|C100|1|0|CLI000015453|55|00|001|32206|51240107731241000150550010000322061602787439|25012024|25012024|129,90|1|0,00|0,00|129,90|0|0,00|0,00|0,00|108,90|18,51|0,00|0,00|0,00|0,00|0,00|0,00|0,00|
|C190|000|5101|17,00|68,00|68,00|11,56|0,00|0,00|0,00|0,00||
|C190|000|5102|17,00|40,90|40,90|6,95|0,00|0,00|0,00|0,00||
|C190|060|5405|0,00|21,00|0,00|0,00|0,00|0,00|0,00|0,00||
|C100|1|0|CLI000015453|55|00|001|32208|51240107731241000150550010000322081484937570|25012024|25012024|40,00|1|0,00|0,00|40,00|0|0,00|0,00|0,00|40,00|6,80|0,00|0,00|0,00|0,00|0,00|0,00|0,00|
|C190|000|5101|17,00|40,00|40,00|6,80|0,00|0,00|0,00|0,00||
|C100|1|0|CLI000015455|55|00|001|31859|51240107731241000150550010000318591688452327|08012024|08012024|350,00|1|0,00|0,00|350,00|9|0,00|0,00|0,00|0,00|0,00|0,00|0,00|0,00|0,00|0,00|0,00|0,00|
|C190|060|5101|0,00|350,00|0,00|0,00|0,00|0,00|0,00|0,00||
|C100|1|0|CLI000015455|55|00|001|32071|51240107731241000150550010000320711715604906|18012024|18012024|1057,20|1|0,00|0,00|1057,20|0|0,00|0,00|0,00|0,00|0,00|0,00|0,00|0,00|0,00|0,00|0,00|0,00|
|C190|060|5102|0,00|762,00|0,00|0,00|0,00|0,00|0,00|0,00||
|C190|060|5405|0,00|295,20|0,00|0,00|0,00|0,00|0,00|0,00||
|C100|1|0|CLI000015455|55|00|001|32177|51240107731241000150550010000321771169154834|24012024|24012024|480,00|1|0,00|0,00|480,00|1|0,00|0,00|0,00|480,00|81,60|0,00|0,00|0,00|0,00|0,00|0,00|0,00|
|C190|000|5101|17,00|480,00|480,00|81,60|0,00|0,00|0,00|0,00||
|C100|1|0|CLI000015457|55|00|001|32049|51240107731241000150550010000320491754794558|17012024|17012024|849,10|1|0,00|0,00|849,10|0|0,00|0,00|0,00|0,00|0,00|0,00|0,00|0,00|0,00|0,00|0,00|0,00|
|C190|060|5405|0,00|445,30|0,00|0,00|0,00|0,00|0,00|0,00||
|C190|102|5101|0,00|282,00|0,00|0,00|0,00|0,00|0,00|0,00||
|C190|102|5102|0,00|121,80|0,00|0,00|0,00|0,00|0,00|0,00||
|C100|1|0|CLI000015460|55|00|001|31782|51240107731241000150550010000317821132242991|03012024|03012024|350,00|1|0,00|0,00|350,00|1|0,00|0,00|0,00|0,00|0,00|0,00|0,00|0,00|0,00|0,00|0,00|0,00|
|C190|060|5101|0,00|350,00|0,00|0,00|0,00|0,00|0,00|0,00||
|C100|1|0|CLI000015460|55|00|001|31865|51240107731241000150550010000318651323712288|08012024|08012024|289,70|1|0,00|0,00|289,70|9|0,00|0,00|0,00|0,00|0,00|0,00|0,00|0,00|0,00|0,00|0,00|0,00|
|C190|060|5102|0,00|230,00|0,00|0,00|0,00|0,00|0,00|0,00||
|C190|102|5101|0,00|59,70|0,00|0,00|0,00|0,00|0,00|0,00||
|C100|1|0|CLI000015462|55|00|001|31779|51240107731241000150550010000317791718768804|03012024|03012024|198,00|1|0,00|0,00|198,00|1|0,00|0,00|0,00|0,00|0,00|0,00|0,00|0,00|0,00|0,00|0,00|0,00|
|C190|060|5102|0,00|155,00|0,00|0,00|0,00|0,00|0,00|0,00||
|C190|102|5101|0,00|43,00|0,00|0,00|0,00|0,00|0,00|0,00||
|C100|1|0|CLI000015462|55|00|001|32302|51240107731241000150550010000323021707190080|31012024|31012024|156,00|0|0,00|0,00|156,00|0|0,00|0,00|0,00|156,00|26,52|0,00|0,00|0,00|0,00|0,00|0,00|0,00|
|C190|000|5102|17,00|156,00|156,00|26,52|0,00|0,00|0,00|0,00||
|C100|1|0|CLI000015466|55|00|001|31793|51240107731241000150550010000317931449015860|03012024|03012024|84,00|1|0,00|0,00|78,00|1|0,00|0,00|6,00|0,00|0,00|0,00|0,00|0,00|0,00|0,00|0,00|0,00|
|C190|102|5101|0,00|84,00|0,00|0,00|0,00|0,00|0,00|0,00||
|C100|1|0|CLI000015466|55|00|001|31949|51240107731241000150550010000319491381635403|12012024|12012024|96,00|1|0,00|0,00|90,00|1|0,00|0,00|6,00|0,00|0,00|0,00|0,00|0,00|0,00|0,00|0,00|0,00|
|C190|060|5405|0,00|96,00|0,00|0,00|0,00|0,00|0,00|0,00||
|C100|1|0|CLI000015466|55|00|001|32053|51240107731241000150550010000320531906950878|17012024|17012024|49,00|1|0,00|0,00|43,00|0|0,00|0,00|6,00|0,00|0,00|0,00|0,00|0,00|0,00|0,00|0,00|0,00|
|C190|102|5101|0,00|49,00|0,00|0,00|0,00|0,00|0,00|0,00||
|C100|1|0|CLI000015466|55|00|001|32147|51240107731241000150550010000321471980068685|23012024|23012024|108,00|1|0,00|0,00|108,00|1|0,00|0,00|0,00|108,00|18,36|0,00|0,00|0,00|0,00|0,00|0,00|0,00|
|C190|000|5101|17,00|18,00|18,00|3,06|0,00|0,00|0,00|0,00||
|C190|000|5102|17,00|90,00|90,00|15,30|0,00|0,00|0,00|0,00||
|C100|1|0|CLI000015466|55|00|001|32233|51240107731241000150550010000322331960459697|29012024|29012024|49,00|1|0,00|0,00|43,00|9|0,00|0,00|6,00|49,00|8,33|0,00|0,00|0,00|0,00|0,00|0,00|0,00|
|C190|000|5101|17,00|49,00|49,00|8,33|0,00|0,00|0,00|0,00||
|C100|1|0|CLI000015470|55|00|001|32189|51240107731241000150550010000321891128453641|25012024|25012024|120,00|1|0,00|0,00|120,00|0|0,00|0,00|0,00|120,00|20,40|0,00|0,00|0,00|0,00|0,00|0,00|0,00|
|C190|000|5101|17,00|120,00|120,00|20,40|0,00|0,00|0,00|0,00||
|C100|1|0|CLI000015478|55|00|001|31972|51240107731241000150550010000319721298459170|15012024|15012024|747,10|1|0,00|0,00|747,10|9|0,00|0,00|0,00|0,00|0,00|0,00|0,00|0,00|0,00|0,00|0,00|0,00|
|C190|060|5405|0,00|587,10|0,00|0,00|0,00|0,00|0,00|0,00||
|C190|102|5101|0,00|160,00|0,00|0,00|0,00|0,00|0,00|0,00||
|C100|1|0|CLI000015480|55|00|001|32002|51240107731241000150550010000320021389977329|16012024|16012024|257,00|1|0,00|0,00|257,00|9|0,00|0,00|0,00|0,00|0,00|0,00|0,00|0,00|0,00|0,00|0,00|0,00|
|C190|060|5102|0,00|18,00|0,00|0,00|0,00|0,00|0,00|0,00||
|C190|060|5405|0,00|195,00|0,00|0,00|0,00|0,00|0,00|0,00||
|C190|102|5101|0,00|5,00|0,00|0,00|0,00|0,00|0,00|0,00||
|C190|102|5102|0,00|39,00|0,00|0,00|0,00|0,00|0,00|0,00||
|C100|1|0|CLI000015482|55|00|001|32280|51240107731241000150550010000322801281968504|30012024|30012024|780,00|1|0,00|0,00|780,00|0|0,00|0,00|0,00|780,00|132,60|0,00|0,00|0,00|0,00|0,00|0,00|0,00|
|C190|000|5101|17,00|780,00|780,00|132,60|0,00|0,00|0,00|0,00||
|C100|1|0|CLI000015482|55|00|001|32281|51240107731241000150550010000322811903873991|30012024|30012024|312,00|1|0,00|0,00|312,00|0|0,00|0,00|0,00|312,00|53,04|0,00|0,00|0,00|0,00|0,00|0,00|0,00|
|C190|000|5101|17,00|312,00|312,00|53,04|0,00|0,00|0,00|0,00||
|C100|1|0|CLI000015484|55|00|001|31918|51240107731241000150550010000319181204817600|10012024|10012024|284,00|1|0,00|0,00|284,00|1|0,00|0,00|0,00|0,00|0,00|0,00|0,00|0,00|0,00|0,00|0,00|0,00|
|C190|060|5405|0,00|275,00|0,00|0,00|0,00|0,00|0,00|0,00||
|C190|102|5101|0,00|9,00|0,00|0,00|0,00|0,00|0,00|0,00||
|C100|1|0|CLI000015499|55|00|001|32093|51240107731241000150550010000320931634590562|19012024|19012024|136,10|1|0,00|0,00|136,10|1|0,00|0,00|0,00|0,00|0,00|0,00|0,00|0,00|0,00|0,00|0,00|0,00|
|C190|010|5405|7,49|13,00|13,00|0,97|0,00|0,00|0,00|0,00||
|C190|060|5101|0,00|11,90|0,00|0,00|0,00|0,00|0,00|0,00||
|C190|060|5405|0,00|64,80|0,00|0,00|0,00|0,00|0,00|0,00||
|C190|090|5102|0,00|46,40|0,00|0,00|0,00|0,00|0,00|0,00||
|C100|1|0|CLI000015511|55|00|001|31852|51240107731241000150550010000318521637595030|08012024|08012024|75,00|1|0,00|0,00|75,00|9|0,00|0,00|0,00|0,00|0,00|0,00|0,00|0,00|0,00|0,00|0,00|0,00|
|C190|060|5405|0,00|15,00|0,00|0,00|0,00|0,00|0,00|0,00||
|C190|102|5101|0,00|60,00|0,00|0,00|0,00|0,00|0,00|0,00||
|C100|1|0|CLI000015514|55|00|001|32030|51240107731241000150550010000320301309202818|16012024|16012024|155,00|1|0,00|0,00|155,00|9|0,00|0,00|0,00|0,00|0,00|0,00|0,00|0,00|0,00|0,00|0,00|0,00|
|C190|060|5102|0,00|15,00|0,00|0,00|0,00|0,00|0,00|0,00||
|C190|102|5101|0,00|140,00|0,00|0,00|0,00|0,00|0,00|0,00||
|C100|1|0|CLI000015518|55|00|001|31789|51240107731241000150550010000317891421467918|03012024|03012024|687,80|1|0,00|0,00|687,80|3|0,00|0,00|0,00|0,00|0,00|0,00|0,00|0,00|0,00|0,00|0,00|0,00|
|C190|000|5101|0,00|100,00|0,00|0,00|0,00|0,00|0,00|0,00||
|C190|060|5102|0,00|140,00|0,00|0,00|0,00|0,00|0,00|0,00||
|C190|060|5405|0,00|378,80|0,00|0,00|0,00|0,00|0,00|0,00||
|C190|102|5101|0,00|69,00|0,00|0,00|0,00|0,00|0,00|0,00||
|C195|32||
|C195|33||
|C100|1|0|CLI000015518|55|00|001|32004|51240107731241000150550010000320041467756067|16012024|16012024|160,00|1|0,00|0,00|160,00|0|0,00|0,00|0,00|0,00|0,00|0,00|0,00|0,00|0,00|0,00|0,00|0,00|
|C190|060|5405|0,00|160,00|0,00|0,00|0,00|0,00|0,00|0,00||
|C100|1|0|CLI000015518|55|00|001|32142|51240107731241000150550010000321421267037314|23012024|23012024|544,00|1|0,00|0,00|544,00|0|0,00|0,00|0,00|384,00|65,28|0,00|0,00|0,00|0,00|0,00|0,00|0,00|
|C190|000|5101|17,00|30,00|30,00|5,10|0,00|0,00|0,00|0,00||
|C190|000|5102|17,00|354,00|354,00|60,18|0,00|0,00|0,00|0,00||
|C190|060|5405|0,00|160,00|0,00|0,00|0,00|0,00|0,00|0,00||
|C100|1|0|CLI000015521|55|00|001|31873|51240107731241000150550010000318731921909206|09012024|09012024|186,00|1|0,00|0,00|186,00|0|0,00|0,00|0,00|0,00|0,00|0,00|0,00|0,00|0,00|0,00|0,00|0,00|
|C190|060|5102|0,00|90,00|0,00|0,00|0,00|0,00|0,00|0,00||
|C190|060|5405|0,00|96,00|0,00|0,00|0,00|0,00|0,00|0,00||
|C195|34||
|C195|35||
|C100|1|0|CLI000015521|55|00|001|31890|51240107731241000150550010000318901473512422|10012024|10012024|552,00|1|0,00|0,00|552,00|1|0,00|0,00|0,00|0,00|0,00|0,00|0,00|0,00|0,00|0,00|0,00|0,00|
|C190|060|5102|0,00|12,00|0,00|0,00|0,00|0,00|0,00|0,00||
|C190|060|5405|0,00|540,00|0,00|0,00|0,00|0,00|0,00|0,00||
|C100|1|0|CLI000015541|55|00|001|31754|51240107731241000150550010000317541721625327|02012024|02012024|272,90|1|0,00|0,00|272,90|1|0,00|0,00|0,00|0,00|0,00|0,00|0,00|0,00|0,00|0,00|0,00|0,00|
|C190|000|5101|0,00|25,00|0,00|0,00|0,00|0,00|0,00|0,00||
|C190|060|5102|0,00|64,50|0,00|0,00|0,00|0,00|0,00|0,00||
|C190|060|5405|0,00|92,40|0,00|0,00|0,00|0,00|0,00|0,00||
|C190|102|5101|0,00|91,00|0,00|0,00|0,00|0,00|0,00|0,00||
|C195|36||
|C195|37||
|C100|1|0|CLI000015545|55|00|001|31843|51240107731241000150550010000318431657652022|05012024|05012024|270,60|1|12,00|0,00|282,60|0|0,00|0,00|0,00|0,00|0,00|0,00|0,00|0,00|0,00|0,00|0,00|0,00|
|C190|060|5102|0,00|64,72|0,00|0,00|0,00|0,00|0,00|0,00||
|C190|060|5405|0,00|35,43|0,00|0,00|0,00|0,00|0,00|0,00||
|C190|102|5101|0,00|170,45|0,00|0,00|0,00|0,00|0,00|0,00||
|C100|1|0|CLI000015551|55|00|001|31947|51240107731241000150550010000319471167366486|11012024|11012024|93,90|1|0,00|0,00|93,90|0|0,00|0,00|0,00|0,00|0,00|0,00|0,00|0,00|0,00|0,00|0,00|0,00|
|C190|060|5102|0,00|30,90|0,00|0,00|0,00|0,00|0,00|0,00||
|C190|060|5405|0,00|15,00|0,00|0,00|0,00|0,00|0,00|0,00||
|C190|102|5101|0,00|48,00|0,00|0,00|0,00|0,00|0,00|0,00||
|C100|1|0|CLI000015554|55|00|001|31954|51240107731241000150550010000319541573329513|12012024|12012024|442,00|1|0,00|0,00|442,00|0|0,00|0,00|0,00|0,00|0,00|0,00|0,00|0,00|0,00|0,00|0,00|0,00|
|C190|000|5101|0,00|50,00|0,00|0,00|0,00|0,00|0,00|0,00||
|C190|060|5102|0,00|15,00|0,00|0,00|0,00|0,00|0,00|0,00||
|C190|060|5405|0,00|347,00|0,00|0,00|0,00|0,00|0,00|0,00||
|C190|102|5101|0,00|30,00|0,00|0,00|0,00|0,00|0,00|0,00||
|C195|38||
|C195|39||
|C100|1|0|CLI000015555|55|00|001|32156|51240107731241000150550010000321561844224963|23012024|23012024|255,46|1|0,00|0,00|255,46|1|0,00|0,00|0,00|255,46|43,43|0,00|0,00|0,00|0,00|0,00|0,00|0,00|
|C190|000|5101|17,00|255,46|255,46|43,43|0,00|0,00|0,00|0,00||
|C100|1|0|CLI000015572|55|00|001|31856|51240107731241000150550010000318561973772944|08012024|08012024|1398,90|1|0,00|0,00|1398,90|0|0,00|0,00|0,00|0,00|0,00|0,00|0,00|0,00|0,00|0,00|0,00|0,00|
|C190|060|5102|0,00|4,90|0,00|0,00|0,00|0,00|0,00|0,00||
|C190|060|5405|0,00|759,80|0,00|0,00|0,00|0,00|0,00|0,00||
|C190|102|5101|0,00|305,90|0,00|0,00|0,00|0,00|0,00|0,00||
|C190|102|5102|0,00|328,30|0,00|0,00|0,00|0,00|0,00|0,00||
|C100|1|0|CLI000015573|55|00|001|31967|51240107731241000150550010000319671690710815|12012024|12012024|272,00|1|0,00|0,00|272,00|0|0,00|0,00|0,00|0,00|0,00|0,00|0,00|0,00|0,00|0,00|0,00|0,00|
|C190|060|5405|0,00|272,00|0,00|0,00|0,00|0,00|0,00|0,00||
|C100|1|0|CLI000015575|55|00|001|32122|51240107731241000150550010000321221229765879|22012024|22012024|119,80|1|0,00|0,00|119,80|0|0,00|0,00|0,00|119,80|20,37|0,00|0,00|0,00|0,00|0,00|0,00|0,00|
|C190|000|5101|17,00|119,80|119,80|20,37|0,00|0,00|0,00|0,00||
|C100|1|0|CLI000015580|55|00|001|32197|51240107731241000150550010000321971809752293|25012024|25012024|270,90|1|0,00|0,00|270,90|1|0,00|0,00|0,00|270,90|46,05|0,00|0,00|0,00|0,00|0,00|0,00|0,00|
|C190|000|5101|17,00|55,00|55,00|9,35|0,00|0,00|0,00|0,00||
|C190|000|5102|17,00|215,90|215,90|36,70|0,00|0,00|0,00|0,00||
|C100|1|0|CLI000015581|55|00|001|31853|51240107731241000150550010000318531669174038|08012024|08012024|178,20|1|0,00|0,00|178,20|1|0,00|0,00|0,00|0,00|0,00|0,00|0,00|0,00|0,00|0,00|0,00|0,00|
|C190|060|5102|0,00|9,80|0,00|0,00|0,00|0,00|0,00|0,00||
|C190|060|5405|0,00|57,40|0,00|0,00|0,00|0,00|0,00|0,00||
|C190|102|5101|0,00|111,00|0,00|0,00|0,00|0,00|0,00|0,00||
|C100|1|0|CLI000015581|55|00|001|31854|51240107731241000150550010000318541713601819|08012024|08012024|73,00|1|0,00|0,00|67,00|1|0,00|0,00|6,00|0,00|0,00|0,00|0,00|0,00|0,00|0,00|0,00|0,00|
|C190|060|5102|0,00|7,63|0,00|0,00|0,00|0,00|0,00|0,00||
|C190|102|5101|0,00|65,37|0,00|0,00|0,00|0,00|0,00|0,00||
|C100|1|0|CLI000015581|55|00|001|31980|51240107731241000150550010000319801538805975|15012024|15012024|201,90|1|0,00|0,00|201,90|1|0,00|0,00|0,00|0,00|0,00|0,00|0,00|0,00|0,00|0,00|0,00|0,00|
|C190|060|5405|0,00|73,90|0,00|0,00|0,00|0,00|0,00|0,00||
|C190|102|5101|0,00|128,00|0,00|0,00|0,00|0,00|0,00|0,00||
|C100|1|0|CLI000015581|55|00|001|31981|51240107731241000150550010000319811751088107|15012024|15012024|60,00|1|0,00|0,00|60,00|1|0,00|0,00|0,00|0,00|0,00|0,00|0,00|0,00|0,00|0,00|0,00|0,00|
|C190|102|5101|0,00|60,00|0,00|0,00|0,00|0,00|0,00|0,00||
|C100|1|0|CLI000015581|55|00|001|32209|51240107731241000150550010000322091813133228|25012024|25012024|51,00|1|0,00|0,00|45,00|9|0,00|0,00|6,00|51,00|8,67|0,00|0,00|0,00|0,00|0,00|0,00|0,00|
|C190|000|5101|17,00|51,00|51,00|8,67|0,00|0,00|0,00|0,00||
|C100|1|0|CLI000015581|55|00|001|32277|51240107731241000150550010000322771202745951|30012024|30012024|125,40|1|0,00|0,00|125,40|0|0,00|0,00|0,00|75,50|12,84|0,00|0,00|0,00|0,00|0,00|0,00|0,00|
|C190|000|5101|17,00|68,00|68,00|11,56|0,00|0,00|0,00|0,00||
|C190|000|5102|17,00|7,50|7,50|1,28|0,00|0,00|0,00|0,00||
|C190|060|5405|0,00|49,90|0,00|0,00|0,00|0,00|0,00|0,00||
|C100|1|0|CLI000015581|55|00|001|32278|51240107731241000150550010000322781763365942|30012024|30012024|135,90|1|0,00|0,00|135,90|0|0,00|0,00|0,00|86,00|14,63|0,00|0,00|0,00|0,00|0,00|0,00|0,00|
|C190|000|5101|17,00|62,00|62,00|10,54|0,00|0,00|0,00|0,00||
|C190|000|5102|17,00|24,00|24,00|4,09|0,00|0,00|0,00|0,00||
|C190|060|5405|0,00|49,90|0,00|0,00|0,00|0,00|0,00|0,00||
|C100|1|0|CLI000015587|55|00|001|31877|51240107731241000150550010000318771445835199|09012024|09012024|119,25|1|0,00|0,00|119,25|0|0,00|0,00|0,00|0,00|0,00|0,00|0,00|0,00|0,00|0,00|0,00|0,00|
|C190|041|5101|0,00|6,50|0,00|0,00|0,00|0,00|0,00|0,00||
|C190|060|5405|0,00|80,00|0,00|0,00|0,00|0,00|0,00|0,00||
|C190|102|5101|0,00|32,75|0,00|0,00|0,00|0,00|0,00|0,00||
|C100|1|0|CLI000015601|55|00|001|32166|51240107731241000150550010000321661216191261|24012024|24012024|193,40|1|0,00|0,00|193,40|0|0,00|0,00|0,00|193,40|32,88|0,00|0,00|0,00|0,00|0,00|0,00|0,00|
|C190|000|5101|17,00|182,00|182,00|30,94|0,00|0,00|0,00|0,00||
|C190|000|5102|17,00|11,40|11,40|1,94|0,00|0,00|0,00|0,00||
|C100|1|0|CLI000015609|55|00|001|31765|51240107731241000150550010000317651625723929|02012024|02012024|38,50|1|0,00|0,00|38,50|0|0,00|0,00|0,00|0,00|0,00|0,00|0,00|0,00|0,00|0,00|0,00|0,00|
|C190|041|5101|0,00|6,50|0,00|0,00|0,00|0,00|0,00|0,00||
|C190|060|5405|0,00|25,00|0,00|0,00|0,00|0,00|0,00|0,00||
|C190|102|5101|0,00|7,00|0,00|0,00|0,00|0,00|0,00|0,00||
|C100|1|0|CLI000015609|55|00|001|31790|51240107731241000150550010000317901117291334|03012024|03012024|16,00|0|0,00|0,00|16,00|0|0,00|0,00|0,00|0,00|0,00|0,00|0,00|0,00|0,00|0,00|0,00|0,00|
|C190|060|5405|0,00|16,00|0,00|0,00|0,00|0,00|0,00|0,00||
|C100|1|0|CLI000015609|55|00|001|31946|51240107731241000150550010000319461821978662|11012024|11012024|15,00|1|0,00|0,00|15,00|0|0,00|0,00|0,00|0,00|0,00|0,00|0,00|0,00|0,00|0,00|0,00|0,00|
|C190|102|5101|0,00|15,00|0,00|0,00|0,00|0,00|0,00|0,00||
|C100|1|0|CLI000015609|55|00|001|32191|51240107731241000150550010000321911951449763|25012024|25012024|161,85|1|0,00|0,00|161,85|0|0,00|0,00|0,00|135,50|23,06|0,00|0,00|0,00|0,00|0,00|0,00|0,00|
|C190|000|5101|17,00|73,50|73,50|12,51|0,00|0,00|0,00|0,00||
|C190|000|5102|17,00|62,00|62,00|10,55|0,00|0,00|0,00|0,00||
|C190|060|5405|0,00|22,50|0,00|0,00|0,00|0,00|0,00|0,00||
|C190|090|5102|0,00|3,85|0,00|0,00|0,00|0,00|0,00|0,00||
|C100|1|0|CLI000015612|55|00|001|32290|51240107731241000150550010000322901556719492|30012024|30012024|572,00|1|0,00|0,00|572,00|0|0,00|0,00|0,00|572,00|97,24|0,00|0,00|0,00|0,00|0,00|0,00|0,00|
|C190|000|5101|17,00|480,00|480,00|81,60|0,00|0,00|0,00|0,00||
|C190|000|5102|17,00|92,00|92,00|15,64|0,00|0,00|0,00|0,00||
|C100|1|0|CLI000015613|55|00|001|31866|51240107731241000150550010000318661776296674|08012024|08012024|676,70|1|0,00|0,00|676,70|9|0,00|0,00|0,00|0,00|0,00|0,00|0,00|0,00|0,00|0,00|0,00|0,00|
|C190|060|5405|0,00|448,80|0,00|0,00|0,00|0,00|0,00|0,00||
|C190|102|5101|0,00|180,00|0,00|0,00|0,00|0,00|0,00|0,00||
|C190|102|5102|0,00|47,90|0,00|0,00|0,00|0,00|0,00|0,00||
|C195|40||
|C195|41||
|C100|1|0|CLI000015613|55|00|001|32089|51240107731241000150550010000320891306551436|19012024|19012024|297,40|1|0,00|0,00|297,40|9|0,00|0,00|0,00|0,00|0,00|0,00|0,00|0,00|0,00|0,00|0,00|0,00|
|C190|060|5405|0,00|99,80|0,00|0,00|0,00|0,00|0,00|0,00||
|C190|102|5101|0,00|118,00|0,00|0,00|0,00|0,00|0,00|0,00||
|C190|102|5102|0,00|79,60|0,00|0,00|0,00|0,00|0,00|0,00||
|C100|1|0|CLI000015613|55|00|001|32263|51240107731241000150550010000322631609002468|29012024|29012024|334,60|1|0,00|0,00|334,60|9|0,00|0,00|0,00|135,00|22,95|0,00|0,00|0,00|0,00|0,00|0,00|0,00|
|C190|000|5102|17,00|135,00|135,00|22,95|0,00|0,00|0,00|0,00||
|C190|060|5405|0,00|199,60|0,00|0,00|0,00|0,00|0,00|0,00||
|C100|1|0|CLI000015617|55|00|001|32225|51240107731241000150550010000322251301816079|26012024|26012024|87,00|1|0,00|0,00|81,00|9|0,00|0,00|6,00|87,00|14,79|0,00|0,00|0,00|0,00|0,00|0,00|0,00|
|C190|000|5101|17,00|87,00|87,00|14,79|0,00|0,00|0,00|0,00||
|C100|1|0|CLI000015642|55|00|001|32062|51240107731241000150550010000320621852797740|18012024|18012024|60,00|1|0,00|0,00|60,00|0|0,00|0,00|0,00|0,00|0,00|0,00|0,00|0,00|0,00|0,00|0,00|0,00|
|C190|102|5101|0,00|60,00|0,00|0,00|0,00|0,00|0,00|0,00||
|C100|1|0|CLI000015643|55|00|001|31817|51240107731241000150550010000318171427233664|04012024|04012024|340,00|1|0,00|0,00|340,00|9|0,00|0,00|0,00|0,00|0,00|0,00|0,00|0,00|0,00|0,00|0,00|0,00|
|C190|060|5405|0,00|340,00|0,00|0,00|0,00|0,00|0,00|0,00||
|C100|1|0|CLI000015643|55|00|001|31844|51240107731241000150550010000318441821349100|08012024|08012024|637,50|1|0,00|0,00|637,50|9|0,00|0,00|0,00|0,00|0,00|0,00|0,00|0,00|0,00|0,00|0,00|0,00|
|C190|060|5405|0,00|600,00|0,00|0,00|0,00|0,00|0,00|0,00||
|C190|102|5101|0,00|37,50|0,00|0,00|0,00|0,00|0,00|0,00||
|C100|1|0|CLI000015643|55|00|001|31845|51240107731241000150550010000318451473648035|08012024|08012024|60,00|1|0,00|0,00|60,00|9|0,00|0,00|0,00|0,00|0,00|0,00|0,00|0,00|0,00|0,00|0,00|0,00|
|C190|060|5102|0,00|60,00|0,00|0,00|0,00|0,00|0,00|0,00||
|C100|1|0|CLI000015643|55|00|001|31963|51240107731241000150550010000319631468216967|12012024|12012024|288,00|1|0,00|0,00|288,00|1|0,00|0,00|0,00|0,00|0,00|0,00|0,00|0,00|0,00|0,00|0,00|0,00|
|C190|060|5405|0,00|288,00|0,00|0,00|0,00|0,00|0,00|0,00||
|C100|1|0|CLI000015644|55|00|001|32244|51240107731241000150550010000322441401993636|29012024|29012024|495,00|0|0,00|0,00|495,00|9|0,00|0,00|0,00|495,00|84,15|0,00|0,00|0,00|0,00|0,00|0,00|0,00|
|C190|000|5102|17,00|495,00|495,00|84,15|0,00|0,00|0,00|0,00||
|C100|1|0|CLI000015651|55|00|001|31941|51240107731241000150550010000319411889562295|11012024|11012024|105,00|1|0,00|0,00|105,00|1|0,00|0,00|0,00|0,00|0,00|0,00|0,00|0,00|0,00|0,00|0,00|0,00|
|C190|060|5405|0,00|105,00|0,00|0,00|0,00|0,00|0,00|0,00||
|C100|1|0|CLI000015653|55|00|001|32250|51240107731241000150550010000322501858982972|29012024|29012024|360,00|1|0,00|0,00|360,00|1|0,00|0,00|0,00|360,00|61,20|0,00|0,00|0,00|0,00|0,00|0,00|0,00|
|C190|000|5101|17,00|360,00|360,00|61,20|0,00|0,00|0,00|0,00||
|C100|1|0|CLI000015654|55|00|001|31982|51240107731241000150550010000319821902757590|15012024|15012024|183,60|1|0,00|0,00|183,60|1|0,00|0,00|0,00|0,00|0,00|0,00|0,00|0,00|0,00|0,00|0,00|0,00|
|C190|000|5101|0,00|25,00|0,00|0,00|0,00|0,00|0,00|0,00||
|C190|060|5405|0,00|150,80|0,00|0,00|0,00|0,00|0,00|0,00||
|C190|102|5101|0,00|7,80|0,00|0,00|0,00|0,00|0,00|0,00||
|C195|42||
|C195|43||
|C100|1|0|CLI000015654|55|00|001|32187|51240107731241000150550010000321871545503301|25012024|25012024|191,90|1|0,00|0,00|191,90|1|0,00|0,00|0,00|191,90|32,62|0,00|0,00|0,00|0,00|0,00|0,00|0,00|
|C190|000|5101|17,00|15,00|15,00|2,55|0,00|0,00|0,00|0,00||
|C190|000|5102|17,00|176,90|176,90|30,07|0,00|0,00|0,00|0,00||
|C100|1|0|CLI000015657|55|00|001|31882|51240107731241000150550010000318821104229841|09012024|09012024|120,00|0|0,00|0,00|120,00|0|0,00|0,00|0,00|0,00|0,00|0,00|0,00|0,00|0,00|0,00|0,00|0,00|
|C190|060|5405|0,00|120,00|0,00|0,00|0,00|0,00|0,00|0,00||
|C100|1|0|CLI000015689|55|00|001|31814|51240107731241000150550010000318141983061560|04012024|04012024|110,70|1|0,00|0,00|110,70|1|0,00|0,00|0,00|0,00|0,00|0,00|0,00|0,00|0,00|0,00|0,00|0,00|
|C190|060|5102|0,00|7,90|0,00|0,00|0,00|0,00|0,00|0,00||
|C190|060|5405|0,00|52,80|0,00|0,00|0,00|0,00|0,00|0,00||
|C190|102|5101|0,00|50,00|0,00|0,00|0,00|0,00|0,00|0,00||
|C100|1|0|CLI000015689|55|00|001|32111|51240107731241000150550010000321111584515805|22012024|22012024|69,50|1|0,00|0,00|63,50|9|0,00|0,00|6,00|29,55|5,02|0,00|0,00|0,00|0,00|0,00|0,00|0,00|
|C190|000|5101|17,00|29,55|29,55|5,02|0,00|0,00|0,00|0,00||
|C190|060|5405|0,00|39,95|0,00|0,00|0,00|0,00|0,00|0,00||
|C100|1|0|FOR000002450|55|00|055|3|51240107731241000150550550000000031208409307|08012024|08012024|7990,00|2|0,00|0,00|7990,00|0|0,00|0,00|0,00|0,00|0,00|0,00|0,00|0,00|0,00|0,00|0,00|0,00|
|C190|060|6915|0,00|7990,00|0,00|0,00|0,00|0,00|0,00|0,00||
|C100|1|0|CLI000015705|55|00|001|31889|51240107731241000150550010000318891626704585|09012024|09012024|79,90|0|0,00|0,00|79,90|0|0,00|0,00|0,00|0,00|0,00|0,00|0,00|0,00|0,00|0,00|0,00|0,00|
|C190|060|5102|0,00|79,90|0,00|0,00|0,00|0,00|0,00|0,00||
|C100|1|0|CLI000015730|55|00|001|31795|51240107731241000150550010000317951680628532|03012024|03012024|276,80|1|0,00|0,00|276,80|0|0,00|0,00|0,00|0,00|0,00|0,00|0,00|0,00|0,00|0,00|0,00|0,00|
|C190|060|5102|0,00|56,80|0,00|0,00|0,00|0,00|0,00|0,00||
|C190|060|5405|0,00|206,00|0,00|0,00|0,00|0,00|0,00|0,00||
|C190|102|5101|0,00|14,00|0,00|0,00|0,00|0,00|0,00|0,00||
|C100|1|0|CLI000015731|55|00|001|31792|51240107731241000150550010000317921177263480|03012024|03012024|889,00|1|0,00|0,00|889,00|1|0,00|0,00|0,00|0,00|0,00|0,00|0,00|0,00|0,00|0,00|0,00|0,00|
|C190|060|5102|0,00|465,70|0,00|0,00|0,00|0,00|0,00|0,00||
|C190|060|5405|0,00|78,30|0,00|0,00|0,00|0,00|0,00|0,00||
|C190|102|5101|0,00|345,00|0,00|0,00|0,00|0,00|0,00|0,00||
|C100|1|0|CLI000015732|55|00|001|31772|51240107731241000150550010000317721652045442|03012024|03012024|515,00|1|0,00|0,00|515,00|1|0,00|0,00|0,00|0,00|0,00|0,00|0,00|0,00|0,00|0,00|0,00|0,00|
|C190|060|5405|0,00|515,00|0,00|0,00|0,00|0,00|0,00|0,00||
|C100|1|0|CLI000015732|55|00|001|32212|51240107731241000150550010000322121142456318|26012024|26012024|515,00|1|0,00|0,00|515,00|9|0,00|0,00|0,00|515,00|87,55|0,00|0,00|0,00|0,00|0,00|0,00|0,00|
|C190|000|5101|17,00|515,00|515,00|87,55|0,00|0,00|0,00|0,00||
|C100|1|0|CLI000015736|55|00|001|31783|51240107731241000150550010000317831343158696|03012024|03012024|676,00|1|0,00|0,00|676,00|1|0,00|0,00|0,00|0,00|0,00|0,00|0,00|0,00|0,00|0,00|0,00|0,00|
|C190|060|5405|0,00|676,00|0,00|0,00|0,00|0,00|0,00|0,00||
|C100|1|0|CLI000015738|55|00|001|32044|51240107731241000150550010000320441895514490|17012024|17012024|339,30|0|0,00|0,00|270,00|0|69,30|0,00|0,00|0,00|0,00|0,00|0,00|0,00|0,00|0,00|0,00|0,00|
|C190|060|5405|0,00|339,30|0,00|0,00|0,00|0,00|0,00|0,00||
|C100|1|0|CLI000015739|55|00|001|32041|51240107731241000150550010000320411761130165|17012024|17012024|152,40|1|0,00|0,00|152,40|9|0,00|0,00|0,00|0,00|0,00|0,00|0,00|0,00|0,00|0,00|0,00|0,00|
|C190|000|5101|0,00|25,00|0,00|0,00|0,00|0,00|0,00|0,00||
|C190|060|5102|0,00|12,00|0,00|0,00|0,00|0,00|0,00|0,00||
|C190|060|5405|0,00|115,40|0,00|0,00|0,00|0,00|0,00|0,00||
|C195|44||
|C195|45||
|C100|1|0|CLI000015740|55|00|001|32299|51240107731241000150550010000322991228984721|31012024|31012024|129,90|1|0,00|0,00|129,90|1|0,00|0,00|0,00|129,90|22,08|0,00|0,00|0,00|0,00|0,00|0,00|0,00|
|C190|000|5101|17,00|50,00|50,00|8,50|0,00|0,00|0,00|0,00||
|C190|000|5102|17,00|79,90|79,90|13,58|0,00|0,00|0,00|0,00||
|C100|1|0|CLI000015742|55|00|001|31832|51240107731241000150550010000318321653825069|05012024|05012024|100,00|1|0,00|0,00|100,00|9|0,00|0,00|0,00|0,00|0,00|0,00|0,00|0,00|0,00|0,00|0,00|0,00|
|C190|060|5405|0,00|100,00|0,00|0,00|0,00|0,00|0,00|0,00||
|C100|1|0|CLI000015743|55|00|001|31821|51240107731241000150550010000318211847837352|04012024|04012024|82,50|1|0,00|0,00|82,50|1|0,00|0,00|0,00|0,00|0,00|0,00|0,00|0,00|0,00|0,00|0,00|0,00|
|C190|060|5102|0,00|17,50|0,00|0,00|0,00|0,00|0,00|0,00||
|C190|060|5405|0,00|22,00|0,00|0,00|0,00|0,00|0,00|0,00||
|C190|102|5101|0,00|43,00|0,00|0,00|0,00|0,00|0,00|0,00||
|C100|1|0|CLI000015743|55|00|001|31880|51240107731241000150550010000318801698631511|09012024|09012024|132,30|1|0,00|0,00|132,30|1|0,00|0,00|0,00|0,00|0,00|0,00|0,00|0,00|0,00|0,00|0,00|0,00|
|C190|060|5102|0,00|69,90|0,00|0,00|0,00|0,00|0,00|0,00||
|C190|060|5405|0,00|27,40|0,00|0,00|0,00|0,00|0,00|0,00||
|C190|102|5101|0,00|35,00|0,00|0,00|0,00|0,00|0,00|0,00||
|C100|1|0|CLI000015770|55|00|001|32064|51240107731241000150550010000320641607940955|18012024|18012024|480,00|0|0,00|0,00|480,00|0|0,00|0,00|0,00|0,00|0,00|0,00|0,00|0,00|0,00|0,00|0,00|0,00|
|C190|060|5405|0,00|480,00|0,00|0,00|0,00|0,00|0,00|0,00||
|C100|1|0|CLI000015770|55|00|001|32274|51240107731241000150550010000322741654180101|30012024|30012024|480,00|1|0,00|0,00|480,00|0|0,00|0,00|0,00|480,00|81,60|0,00|0,00|0,00|0,00|0,00|0,00|0,00|
|C190|000|5101|17,00|480,00|480,00|81,60|0,00|0,00|0,00|0,00||
|C100|1|0|CLI000015775|55|00|001|31752|51240107731241000150550010000317521780022817|02012024|02012024|151,78|1|28,12|0,00|179,90|9|0,00|0,00|0,00|0,00|0,00|0,00|0,00|0,00|0,00|0,00|0,00|0,00|
|C190|060|5405|0,00|69,73|0,00|0,00|0,00|0,00|0,00|0,00||
|C190|102|5101|0,00|82,05|0,00|0,00|0,00|0,00|0,00|0,00||
|C100|1|0|CLI000015794|55|00|001|31819|51240107731241000150550010000318191750684863|04012024|04012024|103,00|1|0,00|0,00|103,00|9|0,00|0,00|0,00|0,00|0,00|0,00|0,00|0,00|0,00|0,00|0,00|0,00|
|C190|060|5405|0,00|68,00|0,00|0,00|0,00|0,00|0,00|0,00||
|C190|102|5101|0,00|35,00|0,00|0,00|0,00|0,00|0,00|0,00||
|C100|1|0|CLI000015795|55|00|001|31848|51240107731241000150550010000318481477047330|08012024|08012024|21,00|0|0,00|0,00|21,00|1|0,00|0,00|0,00|0,00|0,00|0,00|0,00|0,00|0,00|0,00|0,00|0,00|
|C190|102|5102|0,00|21,00|0,00|0,00|0,00|0,00|0,00|0,00||
|C100|1|0|CLI000015796|55|00|001|32200|51240107731241000150550010000322001481146566|25012024|25012024|2400,00|1|0,00|0,00|2400,00|9|0,00|0,00|0,00|2400,00|408,00|0,00|0,00|0,00|0,00|0,00|0,00|0,00|
|C190|000|5101|17,00|2400,00|2400,00|408,00|0,00|0,00|0,00|0,00||
|C100|1|0|CLI000015797|55|00|001|32201|51240107731241000150550010000322011392540630|25012024|25012024|140,00|1|0,00|0,00|140,00|9|0,00|0,00|0,00|140,00|23,80|0,00|0,00|0,00|0,00|0,00|0,00|0,00|
|C190|000|5101|17,00|140,00|140,00|23,80|0,00|0,00|0,00|0,00||
|C100|1|0|CLI000015798|55|00|001|32213|51240107731241000150550010000322131266484868|26012024|26012024|215,35|1|0,00|0,00|215,35|9|0,00|0,00|0,00|123,20|20,95|0,00|0,00|0,00|0,00|0,00|0,00|0,00|
|C190|000|5101|17,00|74,00|74,00|12,58|0,00|0,00|0,00|0,00||
|C190|000|5102|17,00|49,20|49,20|8,37|0,00|0,00|0,00|0,00||
|C190|060|5405|0,00|92,15|0,00|0,00|0,00|0,00|0,00|0,00||
|C100|1|0|CLI000015799|55|00|001|32214|51240107731241000150550010000322141988911521|26012024|26012024|160,50|1|0,00|0,00|160,50|9|0,00|0,00|0,00|110,60|18,80|0,00|0,00|0,00|0,00|0,00|0,00|0,00|
|C190|000|5101|17,00|110,60|110,60|18,80|0,00|0,00|0,00|0,00||
|C190|060|5405|0,00|49,90|0,00|0,00|0,00|0,00|0,00|0,00||
|C100|1|0|CLI000015799|55|00|001|32264|51240107731241000150550010000322641634338641|29012024|29012024|80,00|1|0,00|0,00|80,00|9|0,00|0,00|0,00|80,00|13,60|0,00|0,00|0,00|0,00|0,00|0,00|0,00|
|C190|000|5101|17,00|80,00|80,00|13,60|0,00|0,00|0,00|0,00||
|C100|1|0|CLI000015800|55|00|001|32224|51240107731241000150550010000322241440154280|26012024|26012024|510,00|1|0,00|0,00|510,00|1|0,00|0,00|0,00|510,00|86,70|0,00|0,00|0,00|0,00|0,00|0,00|0,00|
|C190|000|5101|17,00|510,00|510,00|86,70|0,00|0,00|0,00|0,00||
|C100|1|0|CLI000015801|55|00|001|32226|51240107731241000150550010000322261323223787|26012024|26012024|550,00|1|4,60|0,00|554,60|9|0,00|0,00|0,00|411,15|69,89|0,00|0,00|0,00|0,00|0,00|0,00|0,00|
|C190|000|5101|17,00|221,13|221,13|37,59|0,00|0,00|0,00|0,00||
|C190|000|5102|17,00|190,02|190,02|32,30|0,00|0,00|0,00|0,00||
|C190|060|5405|0,00|138,85|0,00|0,00|0,00|0,00|0,00|0,00||
|C100|1|0|CLI000015802|55|00|001|32266|51240107731241000150550010000322661516985960|29012024|29012024|110,00|1|0,00|0,00|110,00|9|0,00|0,00|0,00|110,00|18,70|0,00|0,00|0,00|0,00|0,00|0,00|0,00|
|C190|000|5101|17,00|50,00|50,00|8,50|0,00|0,00|0,00|0,00||
|C190|000|5102|17,00|60,00|60,00|10,20|0,00|0,00|0,00|0,00||
|C100|1|0|CLI000015803|55|00|001|32291|51240107731241000150550010000322911232818085|30012024|30012024|239,20|1|0,00|0,00|200,00|0|39,20|0,00|0,00|239,20|40,66|0,00|0,00|0,00|0,00|0,00|0,00|0,00|
|C190|000|5101|17,00|239,20|239,20|40,66|0,00|0,00|0,00|0,00||
|C100|1|0|CLI000015804|55|00|001|32292|51240107731241000150550010000322921499151539|30012024|30012024|30,00|1|0,00|0,00|30,00|0|0,00|0,00|0,00|30,00|5,10|0,00|0,00|0,00|0,00|0,00|0,00|0,00|
|C190|000|5101|17,00|30,00|30,00|5,10|0,00|0,00|0,00|0,00||
|C100|1|0|CLI000015826|55|00|001|31956|51240107731241000150550010000319561914049811|12012024|12012024|249,00|2|0,00|0,00|249,00|0|0,00|0,00|0,00|0,00|0,00|0,00|0,00|0,00|0,00|0,00|0,00|0,00|
|C190|060|6102|0,00|203,00|0,00|0,00|0,00|0,00|0,00|0,00||
|C190|060|6911|0,00|46,00|0,00|0,00|0,00|0,00|0,00|0,00||
|C100|1|0|CLI000015827|55|00|001|31970|51240107731241000150550010000319701250231833|12012024|12012024|497,40|1|0,00|0,00|497,40|0|0,00|0,00|0,00|0,00|0,00|0,00|0,00|0,00|0,00|0,00|0,00|0,00|
|C190|060|5405|0,00|287,50|0,00|0,00|0,00|0,00|0,00|0,00||
|C190|102|5101|0,00|148,00|0,00|0,00|0,00|0,00|0,00|0,00||
|C190|102|5102|0,00|61,90|0,00|0,00|0,00|0,00|0,00|0,00||
|C100|1|0|CLI000015827|55|00|001|32128|51240107731241000150550010000321281486557403|22012024|22012024|350,00|0|0,00|0,00|350,00|0|0,00|0,00|0,00|0,00|0,00|0,00|0,00|0,00|0,00|0,00|0,00|0,00|
|C190|010|5405|0,00|350,00|350,00|0,00|0,00|0,00|0,00|0,00||
|C100|1|0|CLI000016152|55|00|001|31758|51240107731241000150550010000317581380223959|02012024|02012024|810,00|1|0,00|0,00|810,00|1|0,00|0,00|0,00|0,00|0,00|0,00|0,00|0,00|0,00|0,00|0,00|0,00|
|C190|060|5405|0,00|810,00|0,00|0,00|0,00|0,00|0,00|0,00||
|C100|1|0|CLI000016152|55|00|001|32077|51240107731241000150550010000320771543455774|18012024|18012024|1350,00|1|0,00|0,00|1350,00|1|0,00|0,00|0,00|0,00|0,00|0,00|0,00|0,00|0,00|0,00|0,00|0,00|
|C190|060|5405|0,00|1350,00|0,00|0,00|0,00|0,00|0,00|0,00||
|C100|1|0|CLI000016152|55|00|001|32307|51240107731241000150550010000323071501659535|31012024|31012024|1080,00|1|0,00|0,00|1080,00|1|0,00|0,00|0,00|1080,00|183,60|0,00|0,00|0,00|0,00|0,00|0,00|0,00|
|C190|000|5101|17,00|1080,00|1080,00|183,60|0,00|0,00|0,00|0,00||
|C100|1|0|CLI000016153|55|00|001|31773|51240107731241000150550010000317731901944760|03012024|03012024|119,70|1|0,00|0,00|119,70|1|0,00|0,00|0,00|0,00|0,00|0,00|0,00|0,00|0,00|0,00|0,00|0,00|
|C190|060|5405|0,00|119,70|0,00|0,00|0,00|0,00|0,00|0,00||
|C100|1|0|CLI000016153|55|00|001|31816|51240107731241000150550010000318161733944966|04012024|04012024|243,00|1|0,00|0,00|243,00|1|0,00|0,00|0,00|0,00|0,00|0,00|0,00|0,00|0,00|0,00|0,00|0,00|
|C190|060|5102|0,00|38,00|0,00|0,00|0,00|0,00|0,00|0,00||
|C190|060|5405|0,00|170,00|0,00|0,00|0,00|0,00|0,00|0,00||
|C190|102|5101|0,00|35,00|0,00|0,00|0,00|0,00|0,00|0,00||
|C100|1|0|CLI000016153|55|00|001|31925|51240107731241000150550010000319251890543386|11012024|11012024|338,00|1|0,00|0,00|338,00|1|0,00|0,00|0,00|0,00|0,00|0,00|0,00|0,00|0,00|0,00|0,00|0,00|
|C190|102|5101|0,00|338,00|0,00|0,00|0,00|0,00|0,00|0,00||
|C100|1|0|CLI000016153|55|00|001|31997|51240107731241000150550010000319971975975662|16012024|16012024|315,00|1|0,00|0,00|315,00|1|0,00|0,00|0,00|0,00|0,00|0,00|0,00|0,00|0,00|0,00|0,00|0,00|
|C190|060|5102|0,00|54,00|0,00|0,00|0,00|0,00|0,00|0,00||
|C190|102|5101|0,00|261,00|0,00|0,00|0,00|0,00|0,00|0,00||
|C100|1|0|CLI000016153|55|00|001|32045|51240107731241000150550010000320451690153558|17012024|17012024|480,00|1|0,00|0,00|480,00|9|0,00|0,00|0,00|0,00|0,00|0,00|0,00|0,00|0,00|0,00|0,00|0,00|
|C190|060|5405|0,00|480,00|0,00|0,00|0,00|0,00|0,00|0,00||
|C100|1|0|CLI000016153|55|00|001|32135|51240107731241000150550010000321351173585291|23012024|23012024|70,00|1|0,00|0,00|70,00|1|0,00|0,00|0,00|35,00|5,95|0,00|0,00|0,00|0,00|0,00|0,00|0,00|
|C190|000|5102|17,00|35,00|35,00|5,95|0,00|0,00|0,00|0,00||
|C190|090|5102|0,00|35,00|0,00|0,00|0,00|0,00|0,00|0,00||
|C100|1|0|CLI000016154|55|00|001|32055|51240107731241000150550010000320551606033076|17012024|17012024|535,30|1|0,00|0,00|535,30|0|0,00|0,00|0,00|0,00|0,00|0,00|0,00|0,00|0,00|0,00|0,00|0,00|
|C190|060|6102|0,00|535,30|0,00|0,00|0,00|0,00|0,00|0,00||
|C100|1|0|CLI000016155|55|00|001|32075|51240107731241000150550010000320751879718903|18012024|18012024|183,00|1|0,00|0,00|183,00|0|0,00|0,00|0,00|0,00|0,00|0,00|0,00|0,00|0,00|0,00|0,00|0,00|
|C190|102|5101|0,00|183,00|0,00|0,00|0,00|0,00|0,00|0,00||
|C100|1|0|CLI000016155|55|00|001|32123|51240107731241000150550010000321231991168650|22012024|22012024|138,00|1|0,00|0,00|138,00|1|0,00|0,00|0,00|38,00|6,46|0,00|0,00|0,00|0,00|0,00|0,00|0,00|
|C190|000|5102|17,00|38,00|38,00|6,46|0,00|0,00|0,00|0,00||
|C190|060|5102|0,00|16,00|0,00|0,00|0,00|0,00|0,00|0,00||
|C190|060|5405|0,00|84,00|0,00|0,00|0,00|0,00|0,00|0,00||
|C100|1|0|CLI000016155|55|00|001|32272|51240107731241000150550010000322721693874785|30012024|30012024|240,00|1|0,00|0,00|240,00|0|0,00|0,00|0,00|240,00|40,80|0,00|0,00|0,00|0,00|0,00|0,00|0,00|
|C190|000|5101|17,00|240,00|240,00|40,80|0,00|0,00|0,00|0,00||
|C990|2354|
|D001|0|
|D100|0|1|FOR000001571|57|00|001||1169841|35240101496359000245570010011698411002531988|05012024|05012024|0||535,74|0,00|1|535,74|0,00|0,00|535,74||586|3518800|5102678|
|D190|000|2353|7,00|535,74|0,00|0,00|0,00||
|D195|46||
|D100|0|1|FOR000001571|57|00|001||1170234|35240101496359000245570010011702341002536110|08012024|08012024|0||197,70|0,00|1|197,70|0,00|0,00|197,70||586|3518800|5102678|
|D190|000|2353|7,00|197,70|0,00|0,00|0,00||
|D195|47||
|D195|48||
|D100|0|1|FOR000000893|57|00|001||620235|43240120945755000176570010006202351007212172|10012024|10012024|0||160,00|0,00|1|160,00|0,00|0,00|160,00||586|4314902|5102678|
|D190|000|2353|7,00|160,00|0,00|0,00|0,00||
|D195|49||
|D195|50||
|D195|51||
|D195|52||
|D195|53||
|D195|54||
|D195|55||
|D100|0|1|FOR000001571|57|00|001||1171463|35240101496359000245570010011714631002548859|12012024|12012024|0||2238,50|0,00|1|2238,50|0,00|0,00|2238,50||586|3518800|5102678|
|D190|000|2353|7,00|2238,50|0,00|0,00|0,00||
|D195|56||
|D100|0|1|FOR000001571|57|00|001||1171666|35240101496359000245570010011716661002550937|12012024|12012024|0||179,82|0,00|1|179,82|0,00|0,00|179,82||586|3518800|5102678|
|D190|000|2353|7,00|179,82|0,00|0,00|0,00||
|D195|57||
|D100|0|1|FOR000000731|57|00|003||5754847|51240133070814001042570030057548471238352326|12012024|12012024|0||250,00|0,00|0|250,00|0,00|0,00|250,00||586|5102678|3104205|
|D190|000|2353|12,00|250,00|0,00|0,00|0,00||
|D195|58||
|D195|59||
|D195|60||
|D195|55||
|D100|0|1|FOR000001571|57|00|001||1171806|35240101496359000245570010011718061002552347|15012024|15012024|0||794,37|0,00|1|794,37|0,00|0,00|794,37||586|3518800|5102678|
|D190|000|2353|7,00|794,37|0,00|0,00|0,00||
|D195|61||
|D100|0|1|FOR000001571|57|00|001||1171817|35240101496359000245570010011718171002552456|15012024|15012024|0||346,89|0,00|1|346,89|0,00|0,00|346,89||586|3518800|5102678|
|D190|000|2353|7,00|346,89|0,00|0,00|0,00||
|D195|62||
|D100|0|1|FOR000000731|57|00|003||5765743|51240133070814001042570030057657431238859416|16012024|16012024|0||45,17|0,00|1|45,17|0,00|0,00|45,17||586|5103403|5102678|
|D190|051|1353|17,00|45,17|0,00|0,00|0,00||
|D195|63||
|D195|58||
|D195|64||
|D195|65||
|D195|66||
|D195|55||
|D100|0|1|FOR000000723|57|00|001||3651271|51240105877639000173570010036512711041781720|17012024|17012024|0||91,26|0,00|1|91,26|0,00|0,00|91,26||586|5103403|5102678|
|D190|051|1353|17,00|91,26|0,00|0,00|0,00||
|D195|67||
|D195|68||
|D195|65||
|D195|69||
|D195|55||
|D195|70||
|D100|0|1|FOR000000731|57|00|003||5773247|51240133070814001042570030057732471239228386|18012024|18012024|0||69,30|0,00|0|69,30|0,00|0,00|69,30||586|5102678|5105259|
|D190|051|1353|17,00|69,30|0,00|0,00|0,00||
|D195|58||
|D195|71||
|D195|65||
|D195|72||
|D195|55||
|D100|0|1|FOR000001571|57|00|001||1173719|35240101496359000245570010011737191002572080|19012024|19012024|0||410,15|0,00|1|410,15|0,00|0,00|410,15||586|3518800|5102678|
|D190|000|2353|7,00|410,15|0,00|0,00|0,00||
|D195|73||
|D100|0|1|FOR000001571|57|00|001||1173961|35240101496359000245570010011739611002574576|19012024|19012024|0||294,74|0,00|1|294,74|0,00|0,00|294,74||586|3518800|5102678|
|D190|000|2353|7,00|294,74|0,00|0,00|0,00||
|D195|74||
|D100|0|1|FOR000000731|57|00|003||5779927|51240133070814001042570030057799271239431370|19012024|19012024|0||1024,89|0,00|1|1024,89|0,00|0,00|1024,89||586|5103403|5102678|
|D190|051|1353|17,00|1024,89|0,00|0,00|0,00||
|D195|58||
|D195|64||
|D195|65||
|D195|75||
|D195|76||
|D195|55||
|D100|0|1|FOR000000731|57|00|003||5783107|51240133070814001042570030057831071239698199|22012024|22012024|0||51,60|0,00|0|51,60|0,00|0,00|51,60||586|5102678|5103403|
|D190|051|1353|0,00|51,60|0,00|0,00|0,00||
|D195|58||
|D195|77||
|D195|71||
|D195|65||
|D195|78||
|D195|55||
|D100|0|1|FOR000001571|57|00|001||1174995|35240101496359000245570010011749951002585139|23012024|23012024|0||910,50|0,00|1|910,50|0,00|0,00|910,50||586|3518800|5102678|
|D190|000|2353|7,00|910,50|0,00|0,00|0,00||
|D195|79||
|D100|0|1|FOR000001571|57|00|001||1176403|35240101496359000245570010011764031002599946|26012024|26012024|0||1348,83|0,00|1|1348,83|0,00|0,00|1348,83||586|3518800|5102678|
|D190|000|2353|7,00|1348,83|0,00|0,00|0,00||
|D195|80||
|D100|0|1|FOR000000723|57|00|001||3662720|51240105877639000173570010036627201041911026|30012024|30012024|0||39,20|0,00|0|39,20|0,00|0,00|39,20||586|5102678|5103403|
|D190|051|1353|17,00|39,20|0,00|0,00|0,00||
|D195|67||
|D195|51||
|D195|68||
|D195|65||
|D195|81||
|D195|55||
|D195|70||
|D100|0|1|FOR000001571|57|00|001||1177967|35240101496359000245570010011779671002616017|31012024|31012024|0||3889,96|0,00|1|3889,96|0,00|0,00|3889,96||586|3518800|5102678|
|D190|000|2353|7,00|3889,96|0,00|0,00|0,00||
|D195|82||
|D100|0|1|FOR000000731|57|00|003||5816257|51240133070814001042570030058162571241105602|31012024|31012024|0||229,32|0,00|0|229,32|0,00|0,00|229,32||586|5102678|5105622|
|D190|051|1353|17,00|229,32|0,00|0,00|0,00||
|D195|58||
|D195|71||
|D195|65||
|D195|83||
|D195|55||
|D990|106|
|E001|0|
|E100|01012024|31012024|
|E110|17145,74|0,00|0,00|0,00|18033,29|0,00|0,00|0,00|0,00|0,00|0,00|0,00|887,55|0,00|
|E500|0|01012024|31012024|
|E510|1101|01|500,00|0,00|0,00|
|E510|1401|03|2436,00|0,00|0,00|
|E510|2101|00|132991,26|0,00|0,00|
|E510|2101|01|10809,85|0,00|0,00|
|E510|2101|03|7601,18|0,00|0,00|
|E510|2101|05|810,00|0,00|0,00|
|E510|2102|00|2536,37|0,00|0,00|
|E510|2102|01|7483,08|0,00|0,00|
|E510|2102|03|1452,93|0,00|0,00|
|E510|2102|49|809,19|0,00|0,00|
|E510|2401|00|12776,38|0,00|0,00|
|E510|2401|49|2688,16|0,00|0,00|
|E510|5101|99|96780,14|0,00|0,00|
|E510|5102|99|84214,80|0,00|0,00|
|E510|5152|99|40529,41|0,00|0,00|
|E510|5405|99|119812,90|0,00|0,00|
|E510|5910|99|60,00|0,00|0,00|
|E510|6101|99|25,00|0,00|0,00|
|E510|6102|99|3228,30|0,00|0,00|
|E510|6911|99|46,00|0,00|0,00|
|E510|6915|99|7990,00|0,00|0,00|
|E520|0,00|0,00|0,00|0,00|0,00|0,00|0,00|
|E990|27|
|G001|1|
|G990|2|
|H001|0|
|H005|31122023|0,00|01|
|H990|3|
|K001|1|
|K990|2|
|1001|0|
|1010|N|N|N|N|N|N|N|N|N|N|N|N|N|
|1990|3|
|9001|0|
|9900|0000|1|
|9900|0001|1|
|9900|0002|1|
|9900|0005|1|
|9900|0100|1|
|9900|0150|355|
|9900|0190|21|
|9900|0200|268|
|9900|0205|2|
|9900|0220|4|
|9900|0400|7|
|9900|0450|5|
|9900|0460|83|
|9900|0990|1|
|9900|B001|1|
|9900|B990|1|
|9900|C001|1|
|9900|C100|705|
|9900|C110|5|
|9900|C170|289|
|9900|C190|1305|
|9900|C195|48|
|9900|C990|1|
|9900|D001|1|
|9900|D100|20|
|9900|D190|20|
|9900|D195|64|
|9900|D990|1|
|9900|E001|1|
|9900|E100|1|
|9900|E110|1|
|9900|E500|1|
|9900|E510|21|
|9900|E520|1|
|9900|E990|1|
|9900|G001|1|
|9900|G990|1|
|9900|H001|1|
|9900|H005|1|
|9900|H990|1|
|9900|K001|1|
|9900|K990|1|
|9900|1001|1|
|9900|1010|1|
|9900|1990|1|
|9900|9001|1|
|9900|9990|1|
|9900|9999|1|
|9900|9900|49|
|9990|52|
|9999|3302|
